@online{Neo4jPanama,
	author  = {Neo4j},
	title   = {{ICIJ} Empowers Investigative Journalists with {Neo4j} Graph Technology},
	url     = {https://neo4j.com/customer-stories/icij/},
	urldate = {2025-04-07}
}