@article{Reingold2008UndirectedConnectivity,
	author    = {Reingold, Omer},
	title     = {Undirected connectivity in log-space},
	year      = {2008},
	publisher = acm,
	volume    = {55},
	number    = {4},
	doi       = {10.1145/1391289.1391291},
	journal   = jacm,
	month     = sep,
	articleno = {17},
	numpages  = {24}
}

@book{Immerman1998DescriptiveComplexity,
	title     = {Descriptive complexity},
	author    = {Immerman, Neil},
	year      = {1998},
	publisher = {Springer Science \& Business Media},
	doi       = {10.1007/978-1-4612-0539-5}
}

@misc{SamiD2015USTCONNLogspace,
	title        = {How to prove that USTCONN requires logarithmic space?},
	author       = {SamiD},
	year         = {2015},
	howpublished = {Theoretical Computer Science Stack Exchange},
	note         = {Version: 2015-06-24},
	url          = {https://cstheory.stackexchange.com/q/31828}
}

@article{Etessami1997CountingLogSpace,
	title   = {Counting Quantifiers, Successor Relations, and Logarithmic Space},
	journal = jcss,
	volume  = {54},
	number  = {3},
	pages   = {400-411},
	year    = {1997},
	doi     = {10.1006/jcss.1997.1485},
	author  = {Kousha Etessami}
}

@book{AroraBarak2009ComputationalComplexity,
	title     = {Computational Complexity: A Modern Approach},
	publisher = {Cambridge University Press},
	author    = {Arora, Sanjeev and Barak, Boaz},
	year      = {2009},
	doi       = {10.1017/CBO9780511804090}
}

@article{FlumGrohe2003Describing,
	title  = {Describing parameterized complexity classes},
	volume = {187},
	number = {2},
	pages  = {291-319},
	year   = {2003},
	doi    = {10.1016/S0890-5401(03)00161-5},
	author = {Jörg Flum and Martin Grohe}
}

@article{CaiChenDowneyFellow1997Advice,
	title   = {Advice classes of parameterized tractability},
	journal = apal,
	volume  = {84},
	number  = {1},
	pages   = {119-138},
	year    = {1997},
	doi     = {10.1016/S0168-0072(95)00020-8},
	author  = {Liming Cai and Jianer Chen and Rodney G. Downey and Michael R. Fellows}
}

@article{FlumGrohe2003Describing,
	title   = {Describing parameterized complexity classes},
	journal = iandc,
	volume  = {187},
	number  = {2},
	pages   = {291-319},
	year    = {2003},
	issn    = {0890-5401},
	doi     = {10.1016/S0890-5401(03)00161-5},
	author  = {Jörg Flum and Martin Grohe}
}

@inbook{CyganEtal2015ParametrizedBook,
	author    = {Cygan, Marek
	             and Fomin, Fedor V.
	             and Kowalik, {\L}ukasz
	             and Lokshtanov, Daniel
	             and Marx, D{\'a}niel
	             and Pilipczuk, Marcin
	             and Pilipczuk, Micha{\l}
	             and Saurabh, Saket},
	title     = {Fixed-parameter intractability},
	booktitle = {Parameterized Algorithms},
	year      = {2015},
	publisher = spr,
	pages     = {421--465},
	doi       = {10.1007/978-3-319-21275-3_13}
}