@article{LaroseLotenTardif2007CharacterisationFOCSP,
	title   = {A Characterisation of First-Order Constraint Satisfaction Problems},
	author  = {Benoit Larose and Cynthia Loten and Claude Tardif},
	doi     = {10.2168/LMCS-3(4:6)2007},
	journal = {Logical Methods in Computer Science},
	issn    = {1860-5974},
	volume  = {Volume 3, Issue 4},
	eid     = 6,
	year    = {2007},
	month   = {Nov}
}

@article{LaroseTesson2009UniversalAlgebraCSP,
	title      = {Universal algebra and hardness results for constraint satisfaction problems},
	journal    = {Theoretical Computer Science},
	volume     = {410},
	number     = {18},
	pages      = {1629-1647},
	year       = {2009},
	issn       = {0304-3975},
	doi        = {10.1016/j.tcs.2008.12.048},
	author     = {Benoît Larose and Pascal Tesson},
	annotation = {Consulted version: \url{https://www.aimath.org/WWN/constraintsatis/UA_and_CSP-long.pdf}}
}

@article{Atserias2008DigraphColoring,
	title   = {On digraph coloring problems and treewidth duality},
	journal = {European Journal of Combinatorics},
	volume  = {29},
	number  = {4},
	pages   = {796-820},
	year    = {2008},
	issn    = {0195-6698},
	doi     = {https://doi.org/10.1016/j.ejc.2007.11.004},
	author  = {Albert Atserias}
}

@misc{Blumensath2024MSOModelTheory,
	author       = {Achim Blumensath},
	title        = {Monadic Second-Order Model Theory},
	howpublished = {Unpublished monograph},
	year         = {2024},
	note         = {Version of 2024-07-30}
}

@article{FederVardi1998ComputationalStructure,
	author  = {Feder, Tom\'{a}s and Vardi, Moshe Y.},
	title   = {The Computational Structure of Monotone Monadic SNP and Constraint Satisfaction: A Study through Datalog and Group Theory},
	journal = {SIAM Journal on Computing},
	volume  = {28},
	number  = {1},
	pages   = {57-104},
	year    = {1998},
	doi     = {10.1137/S0097539794266766}
}

@article{KuskeLohrey2010AutomaticGraphs,
	author  = {Dietrich Kuske and Markus Lohrey},
	title   = {Some natural decision problems in rational graphs},
	journal = {J. Symb. Log.},
	volume  = {75},
	number  = {2},
	pages   = {678--710},
	year    = {2010},
	doi     = {10.2178/jsl/1268917499}
}

@article{Lecerf1963MachinesReversibles,
	title   = {Machines de Turing réversibles. Récursive insolubilité en $n \in \mathbf{N}$ de l'équation $u = \theta^n u$, ou $\theta$ est un « isomorphisme de codes »},
	author  = {Lecerf, Yves},
	journal = {Comptes rendus hebdomadaires des séances de l'Académie des sciences},
	volume  = {257},
	pages   = {2597--2600},
	year    = {1963}
}

@inbook{Morita2017Reversible,
	author    = {Morita, Kenichi},
	title     = {Reversible Turing Machines},
	booktitle = {Theory of Reversible Computing},
	year      = {2017},
	publisher = {Springer Japan},
	address   = {Tokyo},
	pages     = {103--156},
	isbn      = {978-4-431-56606-9},
	doi       = {10.1007/978-4-431-56606-9_5}
}

@inproceedings{BarceloFigueiraMorvan2023SeparatingAutomatic,
	author    = {Barcel\'{o}, Pablo and Figueira, Diego and Morvan, R\'{e}mi},
	title     = {{Separating Automatic Relations}},
	booktitle = {48th International Symposium on Mathematical Foundations of Computer Science (MFCS 2023)},
	pages     = {17:1--17:15},
	series    = {Leibniz International Proceedings in Informatics (LIPIcs)},
	isbn      = {978-3-95977-292-1},
	issn      = {1868-8969},
	year      = {2023},
	volume    = {272},
	editor    = {Leroux, J\'{e}r\^{o}me and Lombardy, Sylvain and Peleg, David},
	publisher = {Schloss Dagstuhl -- Leibniz-Zentrum f{\"u}r Informatik},
	address   = {Dagstuhl, Germany},
	doi       = {10.4230/LIPIcs.MFCS.2023.17}
}