% Journals
@string{acs    	= "ACM Computing Surveys"}
@string{apal    = "Annals of Pure and Applied Logic (APAL)"}
@string{bit     = "BIT Numerical Mathematics"}
@string{bsl     = "Bulletin of Symbolic Logic"}
@string{crm     = "Comptes Rendus Mathematique"}
@string{coli    = "Computational Linguistics"}
@string{dm      = "Discrete Mathematics"}
@string{dmtcs   = "Discrete Mathematics \& Theoretical Computer Science"}
@string{eatcs   = "Bulletin of the EATCS"}
@string{eik     = "Elektronische Informationsverarbeitung und Kybernetik"}
@string{entcs   = "Electronic Notes in Theoretical Computer Science"}
@string{fmsd    = "Formal Methods in System Design"}
@string{four    = "Annales de l'Institut Fourier"}
@string{fundinf = "Fundamenta Informaticae"}
@string{iandc   = "Information and Control"}
@string{ibm		= "IBM Journal of Research and Development"}
@string{ieeeit  = "IEEE Transactions on Information Theory"}
@string{ijuc    = "International Journal of Unconventional Computing"}
@string{igpl    = "Logic Journal of the IGPL"}
@string{inco    = "Information and Computation"}
@string{ipl     = "Information Processing Letters (IPL)"}
@string{jair    = "Journal of Artificial Intelligence Research (JAIR)"}
@string{jal     = "Journal of Applied Logic"}
@string{jcss    = "Journal of Computer and System Sciences (JCSS)"}
@string{jctb    = "Journal of Combinatorial Theory, Series B"}
@string{jfp     = "Journal of Functional Programming"}
@string{jlc     = "Journal of Logic and Computation"}
@string{jsl     = "Journal of Symbolic Logic"}
@string{lipi    = "Leibniz International Proceedings in Informatics"}
@string{mscs    = "Mathematical Structures in Computer Science (MSCS)"}
@string{pjm     = "Pacific Journal of Mathematics"}
@string{procams = "Proceedings of the American Mathematical Society"}
@string{quebec  = "Annales des Sciences Mathématiques du Québec"}
@string{rairo   = "RAIRO Theoretical Informatics and Applications"}
@string{scico   = "Science of Computer Programming"}
@string{siam    = "{SIAM} Journal on computing"}
@string{sigmodr = "SIGMOD Record"}
@string{sigplan = "ACM SIGPLAN Notices"}
@string{sp&e    = "Software\string: Practice \& Experience"}
@string{sttt    = "International Journal on Software Tools for Technology Transfer"}
@string{tams    = "Transactions of the American Mathematical Society"}
@string{tcom    = "IEEE Transactions on Communications"}
@string{tocs    = "Theory of Computing Systems"}
@string{toit    = "ACM Transactions on Internet Technology"}
@string{tosem   = "ACM Transactions on Software Engineering and Methodology"}
@string{tptl    = "Theory and Practice of Logic Programming"}
@string{jacm   = "Journal of the ACM"}
@string{lmcs   = "Logical Methods in Computer Science (LMCS)"}
@string{tods   = "ACM Transactions on Database Systems (TODS)"}
@string{toplas   = "ACM Transactions on Programming Languages and Systems"}
@string{tocl   = "ACM Transactions on Computational Logic"}
@string{toct   = "ACM Transactions on Computation Theory"}
@string{tcs   = "Theoretical Computer Science"}
@string{lncs    = "Lecture Notes in Computer Science"}
@string{corr    = "Computing Research Repository (CoRR)"}


% Conferences

@string{acl
  = "Annual Meeting of the Association for Computational Linguistics"}
@string{atva
  = "International Symposium on Automated Technology for Verification and Analysis"}
@string{cade = "International Conference on Automated Deduction (CADE)"}
@string{cav
  = "International Conference on Computer Aided Verification (CAV)"}
@string{cc
  = "International Conference on Compiler Construction"}
@string{ciaa
  = "International Conference on Implementation and Application of Automata"}
@string{concur
  = "International Conference on Concurrency Theory (CONCUR)"}
@string{coling
  = "International Conference on Computational Linguistics"}
@string{csr
  = "International Computer Science Symposium in Russia (CSR)"}
@string{dlt
  = "International Conference on Developments in Language Theory"}
    @string{dl
  = "International Workshop on Description Logics (DL)"}
@string{fct 
  = "International Symposium on Fundamentals of Computation Theory (FCT)"}
@string{fg
  = "Conference on Formal Grammar"}
@string{focs
  = "Annual Symposium on Foundations of Computer Science (FOCS)"}
@string{fossacs
  = "International Conference on Foundations of Software Science and Computational Structures (FOSSACS)"}
@string{fsttcs
  = "IARCS Annual Conference on Foundations of Software Technology and Theoretical Computer Science (FST\&TCS)"}
@string{icalp
  = "International Colloquium on Automata, Languages and Programming (ICALP)"}
@string{ijcai
  = "International Joint Conference on Artificial Intelligence (IJCAI)"}
@string{ijcar
  = "International Joint Conference on Automated Reasoning (IJCAR)"}
@string{icfp
  = "International Conference on Functional Programming"}
@string{icdt
  = "International Conference on Database Theory (ICDT)"}
@string{ita
  = "Informatique Th{\'e}orique et Applications (ITA)"}
@string{itcs
  = "International Conference on Innovations in Theoretical Computer Science (ITCS)"}
@string{crypto
  = "International Conference on Advances in Cryptology (CRYPTO)"}
@string{iwpt
  = "International Workshop on Parsing Technologies"}
@string{lcc
  = "Logic and Computational Complexity"}
@string{ldta
  = "Workshop on Language Descriptions, Tools and Applications"}
@string{lics
  = "Annual Symposium on Logic in Computer Science (LICS)"}
@string{lfcs
  = "Symposium on Logical Foundations of Computer Science (LFCS)"}
@string{mfcs
  = "International Symposium on Mathematical Foundations of Computer Science (MFCS)"}
@string{csl
  = "EACSL Annual Conference on Computer Science Logic (CSL)"}
@string{pldi
  = "Conference on Programming Language Design and Implementation"}
@string{popl
  = "Annual Symposium on Principles of Programming Languages (POPL)"}
@string{sac
  = "Symposium on Applied Computing"}
@string{stacs
  = "International Symposium on Theoretical Aspects of Computer Science (STACS)"}
@string{stoc
  = "Symposium on Theory of Computing (STOC)"}
@string{pods
  = "ACM Symposium on Principles of Database Systems (PODS)"}
@string{sigmod
  = "ACM SIGMOD International Conference on Management of Data (SIGMOD)"}
@string{edbt
  = "International Conference on Extending Database Technology (EDBT)"}
@string{tacas
   = "International Conference on Tools and Algorithms for the Construction and Analysis of Systems (TACAS)"}
@string{ttc
   = "Theory of Cryptography Conference (TCC)"}
@string{time
  = "International Symposium on Temporal Representation and Reasoning (TIME)"}
@string{dbpl
  = "International Symposium on Database Programming Languages (DBPL)"}
@string{vldb
  =  "International Conference on Very Large Data Bases ({VLDB})"}
@string{wollic
  = "Workshop on Logic, Language, Information and Computation (WoLLIC)"}
@string{www
  = "World Wide Web Conference (WWW)"}

% Workshops
@string{express
  = "International Workshop on Expressiveness in Concurrency (EXPRESS)"}
@string{kr
  = "Principles of Knowledge Representation and Reasoning (KR)"}
@string{rpro
  = "International Workshop on Reachability Problems (RP)"}

% Publishers
@string{aaai  = "AAAI Press"}
@string{ams  = "American Mathematical Society"}
@string{cambridge = "Cambridge University Press"}
@string{leib  = "Leibniz-Zentrum f{\"u}r Informatik"}
@string{lipics  = "Leibniz International Proceedings in Informatics (LIPIcs)"}
@string{acm  = "ACM Press"}
@string{aw   = "Addison-Wesley"}
@string{elv  = "Elsevier"}
@string{ieee = "IEEE Computer Society Press"}
@string{kluw = "Kluwer Academic Publishers"}
@string{lzi  = "Leibniz-Zentrum f{\"u}r Informatik"}
@string{mit  = "MIT Press"}
@string{ph   = "Prentice Hall"}
@string{spr  = "Springer"}
@string{wil  = "John Wiley \& Sons"}
