




@inproceedings{AnglesEtAl2018Core,
	author    = {Renzo Angles and
	             Marcelo Arenas and
	             Pablo Barcel{\'{o}} and
	             Peter A. Boncz and
	             George H. L. Fletcher and
	             Claudio Guti{\'{e}}rrez and
	             Tobias Lindaaker and
	             Marcus Paradies and
	             Stefan Plantikow and
	             Juan F. Sequeda and
	             Oskar van Rest and
	             Hannes Voigt},
	editor    = {Gautam Das and
	             Christopher M. Jermaine and
	             Philip A. Bernstein},
	title     = {{G-CORE:} {A} Core for Future Graph Query Languages},
	booktitle = sigmod,
	pages     = {1421--1432},
	publisher = acm,
	year      = {2018},
	doi       = {10.1145/3183713.3190654},
}


parsing error
parsing error
@inproceedings{DBLP:conf/sigmod/FrancisGGLLMPRS18,
	author    = {Nadime Francis and
	             Alastair Green and
	             Paolo Guagliardo and
	             Leonid Libkin and
	             Tobias Lindaaker and
	             Victor Marsault and
	             Stefan Plantikow and
	             Mats Rydberg and
	             Petra Selmer and
	             Andr{\'{e}}s Taylor},
	editor    = {Gautam Das and
	             Christopher M. Jermaine and
	             Philip A. Bernstein},
	title     = {Cypher: An Evolving Query Language for Property Graphs},
	booktitle = {Proceedings of the 2018 International Conference on Management of
	             Data, {SIGMOD} Conference 2018, Houston, TX, USA, June 10-15, 2018},
	pages     = {1433--1445},
	publisher = {{ACM}},
	year      = {2018},
	doi       = {10.1145/3183713.3190657},
}


DBLP:journals/corr/abs-2112-06217
Dblp:journals/corr/abs-2112-06217
@article{Dblp:journals/corr/abs-2112-06217,
	author     = {Alin Deutsch and
	              Nadime Francis and
	              Alastair Green and
	              Keith Hare and
	              Bei Li and
	              Leonid Libkin and
	              Tobias Lindaaker and
	              Victor Marsault and
	              Wim Martens and
	              Jan Michels and
	              Filip Murlak and
	              Stefan Plantikow and
	              Petra Selmer and
	              Hannes Voigt and
	              Oskar van Rest and
	              Domagoj Vrgoc and
	              Mingxi Wu and
	              Fred Zemke},
	title      = {Graph Pattern Matching in {GQL} and {SQL/PGQ}},
	volume     = {abs/2112.06217},
	year       = {2021},
	url        = {https://arxiv.org/abs/2112.06217},
	eprinttype = {arXiv},
	eprint     = {2112.06217},
}


parsing error
parsing error
@misc{GQLsite,
	title        = {{GQL} standard website.},
	howpublished = {\url{https://www.gqlstandards.org/}},
	key          = {GQL},
	year         = {2021}
}




parsing error
parsing error
@inproceedings{DBLP:conf/icde/RonenS09,
	author    = {Royi Ronen and
	             Oded Shmueli},
	editor    = {Yannis E. Ioannidis and
	             Dik Lun Lee and
	             Raymond T. Ng},
	title     = {SoQL: {A} Language for Querying and Creating Data in Social Networks},
	booktitle = {Proceedings of the 25th International Conference on Data Engineering,
	             {ICDE} 2009, March 29 2009 - April 2 2009, Shanghai, China},
	pages     = {1595--1602},
	publisher = {{IEEE} Computer Society},
	year      = {2009},
	doi       = {10.1109/ICDE.2009.172},
}


parsing error
parsing error
@inproceedings{DBLP:conf/eccb/Leser05,
	author    = {Ulf Leser},
	title     = {A query language for biological networks},
	booktitle = {ECCB/JBI'05 Proceedings, Fourth European Conference on Computational
	             Biology/Sixth Meeting of the Spanish Bioinformatics Network (Jornadas
	             de BioInform{\'{a}}tica), Palacio de Congresos, Madrid, Spain,
	             September 28 - October 1, 2005},
	pages     = {39},
	year      = {2005},
	doi       = {10.1093/bioinformatics/bti1105},
}


parsing error
parsing error
@article{DBLP:journals/omics/Olken03,
	author    = {Frank Olken},
	title     = {Graph Data Management for Molecular Biology},
	volume    = {7},
	number    = {1},
	pages     = {75--78},
	year      = {2003},
	doi       = {10.1089/153623103322006652},
}


parsing error
parsing error
@article{DBLP:journals/jcss/GutierrezHMP11,
	author    = {Claudio Guti{\'{e}}rrez and
	             Carlos A. Hurtado and
	             Alberto O. Mendelzon and
	             Jorge P{\'{e}}rez},
	title     = {Foundations of Semantic Web databases},
	volume    = {77},
	number    = {3},
	pages     = {520--541},
	year      = {2011},
	doi       = {10.1016/j.jcss.2010.04.009},
}


sparql1.1
Sparql1.1
@misc{Sparql1.1,
	author = {Harris, Steve and Seaborne, Andy},
	title  = {{SPARQL 1.1 Query Language}. http://www.w3.org/TR/sparql11-query},
	year   = {2013}
}


parsing error
parsing error
@article{biggraphs2021,
	author     = {Sakr, Sherif and Bonifati, Angela and Voigt, Hannes and Iosup, Alexandru and Ammar, Khaled and Angles, Renzo and Aref, Walid and Arenas, Marcelo and Besta, Maciej and Boncz, Peter A. and Daudjee, Khuzaima and Valle, Emanuele Della and Dumbrava, Stefania and Hartig, Olaf and Haslhofer, Bernhard and Hegeman, Tim and Hidders, Jan and Hose, Katja and Iamnitchi, Adriana and Kalavri, Vasiliki and Kapp, Hugo and Martens, Wim and \"{O}zsu, M. Tamer and Peukert, Eric and Plantikow, Stefan and Ragab, Mohamed and Ripeanu, Matei R. and Salihoglu, Semih and Schulz, Christian and Selmer, Petra and Sequeda, Juan F. and Shinavier, Joshua and Sz\'{a}rnyas, G\'{a}bor and Tommasini, Riccardo and Tumeo, Antonino and Uta, Alexandru and Varbanescu, Ana Lucia and Wu, Hsiang-Yun and Yakovets, Nikolay and Yan, Da and Yoneki, Eiko},
	title      = {The Future is Big Graphs: A Community View on Graph Processing Systems},
	year       = {2021},
	issue_date = {September 2021},
	publisher  = {Association for Computing Machinery},
	volume     = {64},
	number     = {9},
	doi        = {10.1145/3434642},
	month      = {aug},
	pages      = {62--71},
	numpages   = {10}
}


aho2007compilers
Aho2007Compilers
@book{Aho2007Compilers,
	title     = {Compilers: principles, techniques, \& tools},
	author    = {Aho, Alfred V. and Lam, Monica S. and Sethi, Ravi and Ullman, Jeffrey D.},
	year      = {2007 (second edition)},
	publisher = {Pearson Addison Wesley}
}


parsing error
parsing error

@inproceedings{DBLP:conf/cp/ChenD05,
	author    = {Hubie Chen and
	             V{\'{\i}}ctor Dalmau},
	title     = {Beyond Hypertree Width: Decomposition Methods Without Decompositions},
	booktitle = {Principles and Practice of Constraint Programming - {CP} 2005, 11th
	             International Conference, {CP} 2005, Sitges, Spain, October 1-5, 2005,
	             Proceedings},
	series    = {Lecture Notes in Computer Science},
	volume    = {3709},
	pages     = {167--181},
	publisher = {Springer},
	year      = {2005},
	doi       = {10.1007/11564751\_15},
}
@article{DBLP:journals/jacm/GottlobMS09,
	author    = {Georg Gottlob and
	             Zolt{\'{a}}n Mikl{\'{o}}s and
	             Thomas Schwentick},
	title     = {Generalized hypertree decompositions: NP-hardness and tractable variants},
	volume    = {56},
	number    = {6},
	pages     = {30:1--30:32},
	year      = {2009},
	doi       = {10.1145/1568318.1568320},
}
@article{GottlobLeoneScarcelloHypertreeDecompositions,
	author    = {Georg Gottlob and
	             Nicola Leone and
	             Francesco Scarcello},
	title     = {Hypertree Decompositions and Tractable Queries},
	volume    = {64},
	number    = {3},
	pages     = {579--627},
	year      = {2002},
	doi       = {10.1006/jcss.2001.1809},
}


parsing error
parsing error
@article{DBLP:journals/jacm/BarceloFGP20,
	author    = {Pablo Barcel{\'{o}} and
	             Diego Figueira and
	             Georg Gottlob and
	             Andreas Pieris},
	title     = {Semantic Optimization of Conjunctive Queries},
	volume    = {67},
	number    = {6},
	pages     = {34:1--34:60},
	year      = {2020},
	doi       = {10.1145/3424908},
}
@inproceedings{DBLP:conf/lics/Figueira16,
	author    = {Diego Figueira},
	title     = {Semantically Acyclic Conjunctive Queries under Functional Dependencies},
	booktitle = lics,
	pages     = {847--856},
	publisher = acm,
	year      = {2016},
	doi       = {10.1145/2933575.2933580},
}


RomeroBarceloVardi2017Homomorphism
RomeroBarceloVardi2017Homomorphism
@inproceedings{RomeroBarceloVardi2017Homomorphism,
	author    = {Miguel Romero and
	             Pablo Barcel{\'{o}} and
	             Moshe Y. Vardi},
	title     = {The homomorphism problem for regular graph patterns},
	booktitle = lics,
	pages     = {1--12},
	publisher = ieee,
	year      = {2017},
	doi       = {10.1109/LICS.2017.8005106},
}


manola2004rdf
Manola2004Rdf
@article{Manola2004Rdf,
	title   = {RDF primer},
	author  = {Manola, Frank and Miller, Eric and McBride, Brian and others},
	volume  = {10},
	number  = {1-107},
	pages   = {6},
	year    = {2004}
}


parsing error
parsing error
@inproceedings{DBLP:conf/pods/GyssensPG90,
	author    = {Marc Gyssens and
	             Jan Paredaens and
	             Dirk Van Gucht},
	editor    = {Daniel J. Rosenkrantz and
	             Yehoshua Sagiv},
	title     = {A Graph-Oriented Object Database Model},
	booktitle = {Proceedings of the Ninth {ACM} {SIGACT-SIGMOD-SIGART} Symposium on
	             Principles of Database Systems, April 2-4, 1990, Nashville, Tennessee,
	             {USA}},
	pages     = {417--424},
	publisher = {{ACM} Press},
	year      = {1990},
	doi       = {10.1145/298514.298593},
}


parsing error
parsing error
@inproceedings{DBLP:conf/www/AnyanwuS03,
	author    = {Kemafor Anyanwu and
	             Amit P. Sheth},
	             Bebo White and
	             Yih{-}Farn Robin Chen and
	             L{\'{a}}szl{\'{o}} Kov{\'{a}}cs and
	             Steve Lawrence},
	title     = {$\rho$-Queries: enabling querying for semantic associations on the semantic
	             web},
	booktitle = {Proceedings of the Twelfth International World Wide Web Conference,
	             {WWW} 2003, Budapest, Hungary, May 20-24, 2003},
	pages     = {690--699},
	publisher = {{ACM}},
	year      = {2003},
	doi       = {10.1145/775152.775249},
}


parsing error
parsing error
@inproceedings{DBLP:conf/www/AnyanwuMS07,
	author    = {Kemafor Anyanwu and
	             Angela Maduko and
	             Amit P. Sheth},
	editor    = {Carey L. Williamson and
	             Mary Ellen Zurko and
	             Peter F. Patel{-}Schneider and
	             Prashant J. Shenoy},
	title     = {{SPARQ2L:} towards support for subgraph extraction queries in rdf
	             databases},
	booktitle = {Proceedings of the 16th International Conference on World Wide Web,
	             {WWW} 2007, Banff, Alberta, Canada, May 8-12, 2007},
	pages     = {797--806},
	publisher = {{ACM}},
	year      = {2007},
	doi       = {10.1145/1242572.1242680},
}



parsing error
parsing error
@inproceedings{Colcombet09,
	author    = {Thomas Colcombet},
	title     = {The Theory of Stabilisation Monoids and Regular Cost Functions},
	booktitle = icalp,
	pages     = {139--150},
	year      = {2009},
	doi       = {10.1007/978-3-642-02930-1\_12},
	series    = lncs,
	volume    = {5556},
	publisher = spr
}


parsing error
parsing error

@inproceedings{BojanczykT09,
	author    = {Miko{\l}aj Boja{\'{n}}czyk and
	             Szymon Toru{\'{n}}czyk},
	title     = {Deterministic Automata and Extensions of Weak {MSO}},
	booktitle = fsttcs,
	pages     = {73--84},
	year      = {2009},
	doi       = {10.4230/LIPIcs.FSTTCS.2009.2308},
	series    = lipics,
	volume    = {4},
	publisher = lzi
}


hashiguchi1982limitedness
Hashiguchi1982Limitedness

@article{Hashiguchi1982Limitedness,
	title     = {Limitedness theorem on finite automata with distance functions},
	author    = {Hashiguchi, Kosaburo},
	volume    = {24},
	number    = {2},
	pages     = {233--244},
	year      = {1982},
	publisher = elv
}


droste2009handbook
Droste2009Handbook
@book{Droste2009Handbook,
	title     = {Handbook of weighted automata},
	author    = {Droste, Manfred and Kuich, Werner and Vogler, Heiko},
	year      = {2009},
	publisher = {Springer Science \& Business Media}
}


parsing error
parsing error
@inproceedings{DBLP:conf/stoc/Vardi82,
	author    = {Moshe Y. Vardi},
	editor    = {Harry R. Lewis and
	             Barbara B. Simons and
	             Walter A. Burkhard and
	             Lawrence H. Landweber},
	title     = {The Complexity of Relational Query Languages (Extended Abstract)},
	booktitle = {Proceedings of the 14th Annual {ACM} Symposium on Theory of Computing,
	             May 5-7, 1982, San Francisco, California, {USA}},
	pages     = {137--146},
	publisher = {{ACM}},
	year      = {1982},
	doi       = {10.1145/800070.802186},
}


parsing error
parsing error



parsing error
parsing error
@article{DBLP:journals/jacm/LibkinMV16,
	author    = {Leonid Libkin and
	             Wim Martens and
	             Domagoj Vrgoc},
	title     = {Querying Graphs with Data},
	volume    = {63},
	number    = {2},
	pages     = {14:1--14:53},
	year      = {2016},
	doi       = {10.1145/2850413},
}


parsing error
parsing error
@inproceedings{DBLP:conf/pods/ConsensM90,
	author    = {Mariano P. Consens and
	             Alberto O. Mendelzon},
	editor    = {Daniel J. Rosenkrantz and
	             Yehoshua Sagiv},
	title     = {GraphLog: a Visual Formalism for Real Life Recursion},
	booktitle = {Proceedings of the Ninth {ACM} {SIGACT-SIGMOD-SIGART} Symposium on
	             Principles of Database Systems, April 2-4, 1990, Nashville, Tennessee,
	             {USA}},
	pages     = {404--416},
	publisher = {{ACM} Press},
	year      = {1990},
	doi       = {10.1145/298514.298591},
}


parsing error
parsing error
@article{DBLP:journals/csur/AnglesABHRV17,
	author    = {Renzo Angles and
	             Marcelo Arenas and
	             Pablo Barcel{\'{o}} and
	             Aidan Hogan and
	             Juan L. Reutter and
	             Domagoj Vrgoc},
	title     = {Foundations of Modern Query Languages for Graph Databases},
	volume    = {50},
	number    = {5},
	pages     = {68:1--68:40},
	year      = {2017},
	doi       = {10.1145/3104031},
}


parsing error
parsing error
@article{DBLP:journals/siamcomp/MendelzonW95,
	author    = {Alberto O. Mendelzon and
	             Peter T. Wood},
	title     = {Finding Regular Simple Paths in Graph Databases},
	volume    = {24},
	number    = {6},
	pages     = {1235--1258},
	year      = {1995},
	doi       = {10.1137/S009753979122370X},
}


parsing error
parsing error
@article{DBLP:journals/csur/AnglesG08,
	author    = {Renzo Angles and
	             Claudio Guti{\'{e}}rrez},
	title     = {Survey of graph database models},
	volume    = {40},
	number    = {1},
	pages     = {1:1--1:39},
	year      = {2008},
	doi       = {10.1145/1322432.1322433},
}



parsing error
parsing error
@inproceedings{DBLP:conf/dbpl/DeutschT01,
	author    = {Alin Deutsch and
	             Val Tannen},
	editor    = {Giorgio Ghelli and
	             G{\"{o}}sta Grahne},
	title     = {Optimization Properties for Classes of Conjunctive Regular Path Queries},
	booktitle = {Database Programming Languages, 8th International Workshop, {DBPL}
	             2001, Frascati, Italy, September 8-10, 2001, Revised Papers},
	series    = {Lecture Notes in Computer Science},
	volume    = {2397},
	pages     = {21--39},
	publisher = {Springer},
	year      = {2001},
	doi       = {10.1007/3-540-46093-4\_2},
}


parsing error
parsing error
@article{DBLP:journals/jcss/FreydenbergerS13,
	author    = {Dominik D. Freydenberger and
	             Nicole Schweikardt},
	title     = {Expressiveness and static analysis of extended conjunctive regular
	             path queries},
	volume    = {79},
	number    = {6},
	pages     = {892--909},
	year      = {2013},
	doi       = {10.1016/j.jcss.2013.01.008},
}


parsing error
parsing error
@article{DBLP:journals/tocl/BarceloM17,
	author    = {Pablo Barcel{\'{o}} and
	             Pablo Mu{\~{n}}oz},
	title     = {Graph Logics with Rational Relations: The Role of Word Combinatorics},
	volume    = {18},
	number    = {2},
	pages     = {10:1--10:41},
	year      = {2017},
	doi       = {10.1145/3070822},
}


parsing error
parsing error
@book{DBLP:books/lib/Berstel79,
	author    = {Jean Berstel},
	title     = {Transductions and context-free languages},
	series    = {Teubner Studienb{\"{u}}cher : Informatik},
	volume    = {38},
	publisher = {Teubner},
	year      = {1979},
	url       = {https://www.worldcat.org/oclc/06364613},
}


parsing error
parsing error



parsing error
parsing error

@article{DBLP:journals/tocl/BarceloM17,
	author    = {Pablo Barcel{\'{o}} and
	             Pablo Mu{\~{n}}oz},
	title     = {Graph Logics with Rational Relations: The Role of Word Combinatorics},
	volume    = {18},
	number    = {2},
	pages     = {10:1--10:41},
	year      = {2017},
	doi       = {10.1145/3070822},
}


DBLP:journals/corr/abs-1304-4150
Dblp:journals/corr/abs-1304-4150
@article{Dblp:journals/corr/abs-1304-4150,
	author    = {Pablo Barcel{\'{o}} and
	             Diego Figueira and
	             Leonid Libkin},
	title     = {Graph Logics with Rational Relations},
	volume    = {9},
	number    = {3},
	year      = {2013},
	doi       = {10.2168/LMCS-9(3:1)2013},
}


parsing error
parsing error
@article{DBLP:journals/tods/BarceloLLW12,
	author    = {Pablo Barcel{\'{o}} and
	             Leonid Libkin and
	             Anthony Widjaja Lin and
	             Peter T. Wood},
	title     = {Expressive Languages for Path Queries over Graph-Structured Data},
	volume    = {37},
	number    = {4},
	pages     = {31:1--31:46},
	year      = {2012},
	doi       = {10.1145/2389241.2389250},
}


parsing error
parsing error
@inproceedings{DBLP:conf/pods/Schmid20,
	author    = {Markus L. Schmid},
	editor    = {Dan Suciu and
	             Yufei Tao and
	             Zhewei Wei},
	title     = {Conjunctive Regular Path Queries with String Variables},
	booktitle = {Proceedings of the 39th {ACM} {SIGMOD-SIGACT-SIGAI} Symposium on Principles
	             of Database Systems, {PODS} 2020, Portland, OR, USA, June 14-19, 2020},
	pages     = {361--374},
	publisher = {{ACM}},
	year      = {2020},
	doi       = {10.1145/3375395.3387663},
}


parsing error
parsing error



parsing error
parsing error
@inproceedings{DBLP:conf/stoc/GroheSS01,
	author    = {Martin Grohe and
	             Thomas Schwentick and
	             Luc Segoufin},
	editor    = {Jeffrey Scott Vitter and
	             Paul G. Spirakis and
	             Mihalis Yannakakis},
	title     = {When is the evaluation of conjunctive queries tractable?},
	booktitle = {Proceedings on 33rd Annual {ACM} Symposium on Theory of Computing,
	             July 6-8, 2001, Heraklion, Crete, Greece},
	pages     = {657--666},
	publisher = {{ACM}},
	year      = {2001},
	doi       = {10.1145/380752.380867},
}


wehar2016complexity
Wehar2016Complexity
@phdthesis{Wehar2016Complexity,
	title  = {On the complexity of intersection non-emptiness problems},
	author = {Wehar, Michael},
	year   = {2016},
	school = {Ph. D. thesis, University at Buffalo}
}


parsing error
parsing error
@book{DBLP:series/mcs/DowneyF99,
	author    = {Rodney G. Downey and
	             Michael R. Fellows},
	title     = {Parameterized Complexity},
	series    = {Monographs in Computer Science},
	publisher = {Springer},
	year      = {1999},
	doi       = {10.1007/978-1-4612-0515-9},
}


parsing error
parsing error
@inproceedings{DBLP:conf/coco/ChenF03,
	author    = {Yijia Chen and
	             J{\"{o}}rg Flum and
	             Martin Grohe},
	title     = {Bounded Nondeterminism and Alternation in Parameterized Complexity
	             Theory},
	booktitle = {18th Annual {IEEE} Conference on Computational Complexity (Complexity
	             2003), 7-10 July 2003, Aarhus, Denmark},
	pages     = {13--29},
	publisher = {{IEEE} Computer Society},
	year      = {2003},
	doi       = {10.1109/CCC.2003.1214407},
}


parsing error
parsing error
@inproceedings{sylvainIdeal,
	title       = {{The Ideal View on Rackoff's Coverability Technique}},
	author      = {Lazi{\'c}, Ranko and Schmitz, Sylvain},
	booktitle   = {{RP 2015 - 9th International Workshop on Reachability Problems}},
	publisher   = {{Springer}},
	series      = {Lecture Notes in Computer Science},
	volume      = {9328},
	pages       = {1--13},
	year        = {2015},
	month       = Sep,
	doi         = {10.1007/978-3-319-24537-9\_8},
	keywords    = {complexity ; ideal ; well-quasi-order ; vector addition system},
	pdf         = {https://hal.inria.fr/hal-01176755/file/article.pdf},
	hal_id      = {hal-01176755},
	hal_version = {v3}
}


parsing error
parsing error
@inproceedings{FinkelG19,
	author    = {Alain Finkel and
	             Ekanshdeep Gupta},
	title     = {The Well Structured Problem for Presburger Counter Machines},
	booktitle = {39th {IARCS} Annual Conference on Foundations of Software Technology
	             and Theoretical Computer Science, {FSTTCS} 2019, December 11-13, 2019,
	             Bombay, India},
	pages     = {41:1--41:15},
	year      = {2019},
	doi       = {10.4230/LIPIcs.FSTTCS.2019.41},
	series    = {LIPIcs},
	volume    = {150},
	publisher = {Schloss Dagstuhl - Leibniz-Zentrum f{\"{u}}r Informatik}
}


parsing error
parsing error
@article{JacquemardSD16,
	author    = {Florent Jacquemard and
	             Luc Segoufin and
	             Jer{\'{e}}mie Dimino},
	title     = {{FO}2({\textless}, +1, {\textasciitilde}) on data trees, data tree automata
	             and branching vector addition systems},
	volume    = {12},
	number    = {2},
	year      = {2016},
	doi       = {10.2168/LMCS-12(2:3)2016},
}


parsing error
parsing error
@book{DBLP:series/txtcs/FlumG06,
	author    = {J{\"{o}}rg Flum and
	             Martin Grohe},
	title     = {Parameterized Complexity Theory},
	series    = {Texts in Theoretical Computer Science. An {EATCS} Series},
	publisher = {Springer},
	year      = {2006},
	doi       = {10.1007/3-540-29953-X},
}


parsing error
parsing error
@inproceedings{DBLP:conf/stacs/MartensNT20,
	author    = {Wim Martens and
	             Matthias Niewerth and
	             Tina Trautner},
	editor    = {Christophe Paul and
	             Markus Bl{\"{a}}ser},
	title     = {A Trichotomy for Regular Trail Queries},
	booktitle = {37th International Symposium on Theoretical Aspects of Computer Science,
	             {STACS} 2020, March 10-13, 2020, Montpellier, France},
	series    = {LIPIcs},
	volume    = {154},
	pages     = {7:1--7:16},
	publisher = {Schloss Dagstuhl - Leibniz-Zentrum f{\"{u}}r Informatik},
	year      = {2020},
	doi       = {10.4230/LIPIcs.STACS.2020.7},
}


parsing error
parsing error
@article{DBLP:journals/jcss/BaganBG20,
	author    = {Guillaume Bagan and
	             Angela Bonifati and
	             Beno{\^{\i}}t Groz},
	title     = {A trichotomy for regular simple path queries on graphs},
	volume    = {108},
	pages     = {29--48},
	year      = {2020},
	doi       = {10.1016/j.jcss.2019.08.006},
}


parsing error
parsing error
@inproceedings{DBLP:conf/stoc/GroheSS01,
	author    = {Martin Grohe and
	             Thomas Schwentick and
	             Luc Segoufin},
	editor    = {Jeffrey Scott Vitter and
	             Paul G. Spirakis and
	             Mihalis Yannakakis},
	title     = {When is the evaluation of conjunctive queries tractable?},
	booktitle = {Proceedings on 33rd Annual {ACM} Symposium on Theory of Computing,
	             July 6-8, 2001, Heraklion, Crete, Greece},
	pages     = {657--666},
	publisher = {{ACM}},
	year      = {2001},
	doi       = {10.1145/380752.380867},
}


parsing error
parsing error
@article{FigueiraMP20,
	author  = {Diego Figueira and
	           Anirban Majumdar and
	           M. Praveen},
	title   = {Playing with Repetitions in Data Words Using Energy Games},
	volume  = {16},
	number  = {3},
	year    = {2020}
}


parsing error
parsing error
@inproceedings{KSZ10,
	author    = {Ahmet Kara and
	             Thomas Schwentick and
	             Thomas Zeume},
	title     = {Temporal Logics on Words with Multiple Data Values},
	pages     = {481--492},
	booktitle = fsttcs,
	doi       = {10.4230/LIPIcs.FSTTCS.2010.481},
	series    = lipics,
	publisher = lzi,
	year      = 2010
}


parsing error
parsing error

@inproceedings{Schnoebelen10,
	author    = {Philippe Schnoebelen},
	title     = {Lossy Counter Machines Decidability Cheat Sheet},
	booktitle = rp,
	series    = lncs,
	volume    = {6227},
	pages     = {51--75},
	publisher = spr,
	year      = {2010},
	doi       = {10.1007/978-3-642-15349-5\_4}
}


parsing error
parsing error

@article{HofmanT18,
	author  = {Piotr Hofman and
	           Patrick Totzke},
	title   = {Trace inclusion for one-counter nets revisited},
	volume  = {735},
	pages   = {50--63},
	year    = {2018},
	doi     = {10.1016/j.tcs.2017.05.009}
}


parsing error
parsing error
@inproceedings{GollerHLT16,
	author    = {Stefan G{\"{o}}ller and
	             Christoph Haase and
	             Ranko Lazi{\'{c}} and
	             Patrick Totzke},
	title     = {A Polynomial-Time Algorithm for Reachability in Branching {VASS} in
	             Dimension One},
	booktitle = icalp,
	pages     = {105:1--105:13},
	year      = {2016},
	doi       = {10.4230/LIPIcs.ICALP.2016.105},
	series    = lipics,
	volume    = {55},
	publisher = lzi
}


parsing error
parsing error
@article{EES67,
	author  = {Samuel Eilenberg and Calvin C. Elgot and John C. Shepherdson},
	doi     = {10.1016/0021-8693(69)90107-0},
	number  = {4},
	pages   = {447--464},
	title   = {Sets recognized by $n$-tape automata},
	volume  = {13},
	year    = {1969}
}


parsing error
parsing error

@article{buchi1960,
	author  = {Julius Richard B{\"u}chi},
	title   = {Weak Second-order Arithmetic and Finite Automata},
	volume  = {6},
	number  = {1-6},
	pages   = {66--92},
	year    = {1960}
}


parsing error
parsing error

@article{C07,
	author    = {Olivier Carton},
	title     = {The growth ratio of synchronous rational relations is unique},
	volume    = {376},
	number    = {1-2},
	pages     = {52--59},
	year      = {2007},
	doi       = {10.1016/j.tcs.2007.01.012},
}


parsing error
parsing error

@inproceedings{BlumensathG00,
	author    = {Achim Blumensath and
	             Erich Gr{\"{a}}del},
	title     = {Automatic Structures},
	booktitle = lics,
	pages     = {51--62},
	year      = {2000},
	doi       = {10.1109/LICS.2000.855755},
	publisher = ieee
}


parsing error
parsing error
@article{BenediktLSS03,
	author  = {Michael Benedikt and
	           Leonid Libkin and
	           Thomas Schwentick and
	           Luc Segoufin},
	title   = {Definable relations and first-order query languages over strings},
	volume  = {50},
	number  = {5},
	pages   = {694--751},
	year    = {2003},
	doi     = {10.1145/876638.876642}
}
@article{FrougnyS93,
	author    = {Christiane Frougny and
	             Jacques Sakarovitch},
	title     = {Synchronized Rational Relations of Finite and Infinite Words},
	volume    = {108},
	number    = {1},
	pages     = {45--82},
	year      = {1993},
	doi       = {10.1016/0304-3975(93)90230-Q},
}


parsing error
parsing error
@article{ElgotM65,
	author    = {Calvin C. Elgot and
	             Jorge E. Mezei},
	title     = {On Relations Defined by Generalized Finite Automata},
	volume    = {9},
	number    = {1},
	pages     = {47--68},
	year      = {1965},
	doi       = {10.1147/rd.91.0047},
}


parsing error
parsing error
@inproceedings{AS03,
	author    = {Kemafor Anyanwu and
	             Amit P. Sheth},
	title     = {rho-Queries: enabling querying for semantic associations on the semantic web},
	booktitle = www,
	pages     = {690--699},
	year      = {2003},
	doi       = {10.1145/775152.775249},
	publisher = acm
}


parsing error
parsing error
@article{BaranyCS15,
	author  = {Vince B{\'{a}}r{\'{a}}ny and
	           Balder ten Cate and
	           Luc Segoufin},
	title   = {Guarded Negation},
	volume  = {62},
	number  = {3},
	pages   = {22:1--22:26},
	year    = {2015},
	doi     = {10.1145/2701414}
}


parsing error
parsing error

@article{BaranyGO13,
	author  = {Vince B{\'{a}}r{\'{a}}ny and
	           Georg Gottlob and
	           Martin Otto},
	title   = {Querying the Guarded Fragment},
	volume  = {10},
	number  = {2},
	year    = {2014},
	doi     = {10.2168/LMCS-10(2:3)2014}
}


parsing error
parsing error
  @inproceedings{LSW15,
	author    = {Peter Hansen and
	             Carsten Lutz and
	             Inan{\c{c}} Seylan and
	             Frank Wolter},
	title     = {Efficient Query Rewriting in the Description Logic {EL} and Beyond},
	booktitle = ijcai,
	pages     = {3034--3040},
	year      = {2015}
} 


parsing error
parsing error

  @inproceedings{BHLW16,
	author    = {Meghyn Bienvenu and
	             Peter Hansen and
	             Carsten Lutz and
	             Frank Wolter},
	title     = {First Order-Rewritability and Containment of Conjunctive Queries in
	             Horn Description Logics},
	booktitle = ijcai,
	pages     = {965--971},
	year      = {2016}
} 


parsing error
parsing error

  @inproceedings{Var,
	author    = {Gerd G. Hillebrand and
	             Paris C. Kanellakis and
	             Harry G. Mairson and
	             Moshe Y. Vardi},
	title     = {Tools for Datalog Boundedness},
	booktitle = pods,
	pages     = {1--12},
	year      = {1991}
} 


parsing error
parsing error
@inproceedings{BielefeldtGK18,
	author    = {Adrian Bielefeldt and
	             Julius Gonsior and
	             Markus Kr{\"{o}}tzsch},
	title     = {Practical Linked Data Access via {SPARQL:} The Case of Wikidata},
	booktitle = {Workshop on Linked Data on the Web (LDOW)},
	year      = {2018}
}


parsing error
parsing error
@article{BonifatiMartensTimm2020SPARQL,
	author  = {Angela Bonifati and
	           Wim Martens and
	           Thomas Timm},
	title   = {An Analytical Study of Large {SPARQL} Query Logs},
	volume  = {29},
	number  = {2},
	pages   = {655--679},
	year    = {2020},
	doi     = {10.1007/s00778-019-00558-9}
}


parsing error
parsing error
@inproceedings{BonifatiMT-www19,
	author    = {Angela Bonifati and Wim Martens and Thomas Timm},
	title     = {Navigating the Maze of {W}ikidata Query Logs},
	booktitle = www,
	year      = {2019},
	pages     = {127--138}
}


parsing error
parsing error

@inproceedings{Barcelo2013Querying,
	author    = {Pablo Barcel{\'{o}}},
	title     = {Querying graph databases},
	booktitle = pods,
	pages     = {175--188},
	publisher = {{ACM}},
	year      = {2013}
}


parsing error
parsing error
@inproceedings{MalyshevKGGB18,
	author    = {Stanislav Malyshev and
	             Markus Kr{\"{o}}tzsch and
	             Larry Gonz{\'{a}}lez and
	             Julius Gonsior and
	             Adrian Bielefeldt},
	title     = {Getting the Most Out of {W}ikidata: Semantic Technology Usage in {W}ikipedia's
	             Knowledge Graph},
	booktitle = {International Semantic Web Conference (ISWC)},
	pages     = {376--394},
	year      = {2018}
}


parsing error
parsing error

@article{BarceloLLW12,
	author     = {Pablo Barcel{\'o} and Leonid Libkin and Anthony Widjaja Lin and Peter T. Wood},
	doi        = {10.1145/2389241.2389250},
	number     = {4},
	pages      = {31},
	title      = {Expressive Languages for Path Queries over Graph-Structured Data},
	volume     = {37},
	year       = {2012},
}
	
@inproceedings{1975:Simon,
	author        = {Imre Simon},
	booktitle     = {Automata Theory and Formal Languages, 2nd {GI} Conference, Kaiserslautern, May 22--23, 1975},
	date-modified = {2013-12-09 21:36:54 +0000},
	pages         = {214--222},
	publisher     = {Springer},
	series        = {LNCS},
	title         = {Piecewise testable events},
	volume        = 33,
	year          = 1975
}
		
@article{BenediktLSS03,
	author     = {Michael Benedikt and Leonid Libkin and Thomas Schwentick and Luc Segoufin},
	doi        = {10.1145/876638.876642},
	number     = {5},
	pages      = {694--751},
	title      = {Definable relations and first-order query languages over strings},
	volume     = {50},
	year       = {2003},
}


1983:Lothaire
1983:lothaire
@book{1983:lothaire,
	author        = {M. Lothaire},
	date-added    = {2019-04-19 13:04:31 +0200},
	date-modified = {2019-04-19 13:04:31 +0200},
	note          = {Reprinted by {\em Cambridge University Press}, 1997},
	publisher     = {Addison-Wesley},
	series        = {Encyclopedia of Mathematics and its Applications},
	title         = {Combinatorics on Words},
	volume        = 17,
	year          = 1983
}


1986:Pin
1986:pin
@book{1986:pin,
	author        = {Jean-{\'{E}}ric Pin},
	date-added    = {2019-04-19 12:57:34 +0200},
	date-modified = {2019-04-19 12:57:34 +0200},
	pages         = {138},
	publisher     = {North Oxford Academic},
	title         = {Varieties of Formal Languages},
	year          = 1986
}


1962:Buchi
1962:buchi
@inproceedings{1962:buchi,
	author        = {J. Richard B{\"u}chi},
	booktitle     = {Proc. Int. Congr. for Logic, Methodology, and Philosophy of Science},
	date-added    = {2019-04-19 12:56:10 +0200},
	date-modified = {2019-04-19 12:56:10 +0200},
	pages         = {1--11},
	publisher     = {Stanford Univ. Press},
	title         = {On a Decision Method in Restricted Second-Order Arithmetic},
	year          = {1962}
}


1994:Straubing
1994:straubing
@book{1994:straubing,
	author        = {Howard Straubing},
	date-added    = {2019-04-19 12:55:09 +0200},
	date-modified = {2019-04-19 12:55:09 +0200},
	publisher     = {Birkh{\"a}user},
	title         = {Finite {A}utomata, {F}ormal {L}ogic, and {C}ircuit {C}omplexity},
	year          = {1994}
}


1997:PinWeil
1997:pinweil
@article{1997:pinweil,
	author        = {Jean-{\'{E}}ric Pin and Pascal Weil},
	date-added    = {2019-04-19 12:46:13 +0200},
	date-modified = {2019-04-19 12:46:13 +0200},
	number        = 4,
	pages         = {383--422},
	title         = {Polynomial Closure and Unambiguous Product},
	volume        = 30,
	year          = 1997
}


2014:PlaceZeitoun
2014:placezeitoun
@inproceedings{2014:placezeitoun,
	author     = {Thomas Place and Marc Zeitoun},
	booktitle  = icalp,
	doi        = {10.1007/978-3-662-43951-7_29},
	pages      = {342--353},
	title      = {Going Higher in the First-Order Quantifier Alternation Hierarchy on Words},
	year       = {2014},
}


2015:PlaceZeitoun-siglog
2015:placezeitoun-siglog
@article{2015:placezeitoun-siglog,
	author     = {Thomas Place and Marc Zeitoun},
	doi        = {10.1145/2815493.2815495},
	number     = {3},
	pages      = {4--17},
	title      = {The tale of the quantifier alternation hierarchy of first-order logic over words},
	volume     = {2},
	year       = {2015},
}


2017:PlaceZeitoun-csr
2017:placezeitoun-csr
@inproceedings{2017:placezeitoun-csr,
	author     = {Thomas Place and Marc Zeitoun},
	booktitle  = csr,
	doi        = {10.1007/978-3-319-58747-9_5},
	pages      = {25--37},
	title      = {Concatenation Hierarchies: New Bottle, Old Wine},
	year       = {2017},
}


parsing error
parsing error
@article{EES67,
	author        = {Samuel Eilenberg and Calvin C. Elgot and John C. Shepherdson},
	date-modified = {2019-04-22 11:34:55 +0200},
	doi           = {10.1016/0021-8693(69)90107-0},
	number        = {4},
	pages         = {447--464},
	title         = {Sets recognized by $n$-tape automata},
	volume        = {13},
	year          = {1969},
}


parsing error
parsing error
@inproceedings{AJNS04,
	author    = {Abdulla, Parosh Aziz and Jonnson, Bengt and Nilsson, Marcus and Saksena, Mayank},
	booktitle = concur,
	pages     = {35-48},
	title     = {A survey of regular model checking},
	year      = {2003}
}


parsing error
parsing error
@inproceedings{BJNT00,
	author    = {Ahmed Bouajjani and Bengt Jonsson and Marcus Nilsson and Tayssir Touili},
	booktitle = cav,
	pages     = {403--418},
	publisher = spr,
	title     = {Regular Model Checking},
	year      = {2000}
}


parsing error
parsing error
@article{Choffrut06,
	author    = {Christian Choffrut},
	pages     = {159-163},
	title     = {Relations over Words and Logic: A Chronology},
	volume    = {89},
	year      = {2006}
}


parsing error
parsing error
@book{Berstel:1979,
	author    = {Jean Berstel},
	publisher = {B.~G.~Teubner},
	title     = {Transductions and Context-Free Languages},
	year      = 1979
}


parsing error
parsing error
@inproceedings{AutomaticStructures00,
	author     = {Achim Blumensath and Erich Gr{\"{a}}del},
	booktitle  = lics,
	doi        = {10.1109/LICS.2000.855755},
	pages      = {51--62},
	publisher  = ieee,
	title      = {Automatic Structures},
	year       = {2000},
}


parsing error
parsing error

@article{higmanslem,
	author     = {Graham Higman},
	doi        = {10.1112/plms/s3-2.1.326},
	number     = {7},
	pages      = {326--336},
	title      = {Ordering by divisibility in abstract algebras},
	volume     = {2},
	year       = {1952},
}
	
@article{1965:Schutzenberger-IC,
	author        = {Marcel Paul Sch{\"u}tzenberger},
	date-added    = {2019-04-22 11:49:01 +0200},
	date-modified = {2019-04-22 11:51:22 +0200},
	pages         = {190--194},
	title         = {On finite monoids having only trivial subgroups},
	volume        = {8},
	year          = {1965}
}


1971:McNaughtonPapert
1971:mcnaughtonpapert
@book{1971:mcnaughtonpapert,
	author        = {Robert McNaughton and Seymour Papert},
	date-added    = {2019-04-22 11:48:36 +0200},
	date-modified = {2019-04-22 11:48:36 +0200},
	publisher     = {The {MIT} Press},
	title         = {Counter-Free Automata},
	year          = 1971
}


1981:PinStraubing
1981:pinstraubing
@conference{1981:pinstraubing,
	author        = {Pin, Jean-{\'E}ric and Straubing, Howard},
	booktitle     = {Colloquia Mathematica Societatis Janos Bolyai},
	date-modified = {2019-04-22 11:54:48 +0200},
	pages         = {259--272},
	title         = {Monoids of upper triangular matrices},
	year          = 1981
}


2012:StraubingWeil
2012:straubingweil
	
@inproceedings{2012:straubingweil,
	author        = {Howard Straubing and Pascal Weil},
	booktitle     = {Modern applications of automata theory},
	date-added    = {2019-04-22 11:49:18 +0200},
	date-modified = {2019-04-22 11:49:18 +0200},
	pages         = {3-43},
	publisher     = {World Scientific},
	series        = {I.I.Sc. Monographs},
	title         = {An introduction to automata theory},
	volume        = 2,
	year          = {2012}
}


parsing error
parsing error
	
	



parsing error
parsing error
	


ArnborgCorneilProskurowski1987Complexity
ArnborgCorneilProskurowski1987Complexity

	



parsing error
parsing error
	


parsing error
parsing error
	
@article{ReutterRV17,
	author  = {Juan L. Reutter and
	           Miguel Romero and
	           Moshe Y. Vardi},
	title   = {Regular Queries on Graph Databases},
	volume  = {61},
	number  = {1},
	pages   = {31--83},
	year    = {2017},
	doi     = {10.1007/s00224-016-9676-2}
}


parsing error
parsing error
	
@inproceedings{CalvaneseGLV01,
	author    = {Diego Calvanese and
	             Giuseppe {De Giacomo} and
	             Maurizio Lenzerini and
	             Moshe Y. Vardi},
	title     = {View-Based Query Answering and Query Containment over Semistructured
	             Data},
	booktitle = dbpl,
	pages     = {40--61},
	year      = {2001},
	doi       = {10.1007/3-540-46093-4\_3},
	series    = lncs,
	volume    = {2397},
	publisher = spr
}


parsing error
parsing error
	
  @inproceedings{B13,
	author    = {Pablo Barcel{\'{o}}},
	title     = {Querying graph databases},
	booktitle = pods,
	pages     = {175--188},
	year      = {2013},
	doi       = {10.1145/2463664.2465216}
} 


parsing error
parsing error
  @article{AABHRV17,
	author  = {Renzo Angles and
	           Marcelo Arenas and
	           Pablo Barcel{\'{o}} and
	           Aidan Hogan and
	           Juan L. Reutter and
	           Domagoj Vrgo{\v c}},
	title   = {Foundations of Modern Query Languages for Graph Databases},
	volume  = {50},
	number  = {5},
	pages   = {68:1--68:40},
	year    = {2017},
	doi     = {10.1145/3104031}
} 


parsing error
parsing error
@inproceedings{GroheSS01,
	author    = {Martin Grohe and
	             Thomas Schwentick and
	             Luc Segoufin},
	title     = {When is the evaluation of conjunctive queries tractable?},
	booktitle = stoc,
	pages     = {657--666},
	year      = {2001},
	doi       = {10.1145/380752.380867},
	publisher = acm
}


parsing error
parsing error

@article{Grohe2007ComplexityHomomorphism,
	author  = {Martin Grohe},
	title   = {The complexity of homomorphism and constraint satisfaction problems
	           seen from the other side},
	volume  = {54},
	number  = {1},
	pages   = {1:1--1:24},
	year    = {2007},
	doi     = {10.1145/1206035.1206036}
}


parsing error
parsing error
@article{CGLV02,
	author  = {Diego Calvanese and
	           Giuseppe {De Giacomo} and
	           Maurizio Lenzerini and
	           Moshe Y. Vardi},
	title   = {Rewriting of Regular Expressions and Regular Path Queries},
	volume  = {64},
	number  = {3},
	pages   = {443--465},
	year    = {2002},
	doi     = {10.1006/jcss.2001.1805}
}


parsing error
parsing error

@inproceedings{vanEmbdeBoasTiling,
	title     = {The convenience of tilings},
	author    = {van Emde Boas, Peter},
	series    = {Lecture Notes in Pure and Applied Mathematics},
	volume    = {187},
	booktitle = {Complexity, Logic, and Recursion Theory},
	pages     = {331--363},
	year      = {1997},
	publisher = {Marcel Dekker, Inc.}
}


parsing error
parsing error

@article{chlebusTiling,
	author  = {Bogdan S. Chlebus},
	title   = {Domino-Tiling Games},
	volume  = {32},
	number  = {3},
	pages   = {374--392},
	year    = {1986},
	doi     = {10.1016/0022-0000(86)90036-X}
}


parsing error
parsing error
@article{CaliGK13,
	author  = {Andrea Cal{\`{\i}} and
	           Georg Gottlob and
	           Michael Kifer},
	title   = {Taming the Infinite Chase: Query Answering under Expressive Relational
	           Constraints},
	volume  = {48},
	pages   = {115--174},
	year    = {2013},
	doi     = {10.1613/jair.3873}
}


parsing error
parsing error
@inproceedings{BarceloF019,
	author    = {Pablo Barcel{\'{o}} and
	             Diego Figueira and
	             Miguel Romero},
	title     = {Boundedness of Conjunctive Regular Path Queries},
	booktitle = icalp,
	pages     = {104:1--104:15},
	year      = {2019},
	doi       = {10.4230/LIPIcs.ICALP.2019.104},
	series    = lipics,
	volume    = {132},
	publisher = lzi
}



parsing error
parsing error
@inproceedings{Vardi98,
	author    = {Moshe Y. Vardi},
	title     = {Reasoning about The Past with Two-Way Automata},
	booktitle = icalp,
	pages     = {628--641},
	year      = {1998},
	doi       = {10.1007/BFb0055090},
	series    = lncs,
	volume    = {1443},
	publisher = spr
}



parsing error
parsing error
@article{GottlobK04,
	author  = {Georg Gottlob and
	           Christoph Koch},
	title   = {Monadic datalog and the expressive power of languages for {W}eb information
	           extraction},
	volume  = {51},
	number  = {1},
	pages   = {74--113},
	year    = {2004},
	doi     = {10.1145/962446.962450}
}


stockmeyer1973word
Stockmeyer1973Word
@inproceedings{Stockmeyer1973Word,
	title        = {Word problems requiring exponential time (preliminary report)},
	author       = {Stockmeyer, Larry J and Meyer, Albert R},
	booktitle    = {Proceedings of annual ACM symposium on Theory of computing},
	pages        = {1--9},
	year         = {1973},
	organization = acm
}


parsing error
parsing error
@inproceedings{AutomaticStructures00,
	author    = {Achim Blumensath and
	             Erich Gr{\"{a}}del},
	title     = {Automatic Structures},
	booktitle = lics,
	pages     = {51--62},
	doi       = {10.1109/LICS.2000.855755},
	publisher = ieee,
	year      = {2000}
}


parsing error
parsing error

@inproceedings{WinterUniformization,
	author    = {Sarah Winter},
	title     = {Uniformization Problems for Synchronizations of Automatic Relations
	             on Words},
	year      = {2018},
	booktitle = icalp,
	series    = lipics,
	volume    = {},
	publisher = leib,
	pages     = {},
	url       = {http://arxiv.org/abs/1805.02444}
}


parsing error
parsing error
@inproceedings{FiliotJLW16,
	author    = {Emmanuel Filiot and
	             Isma{\"{e}}l Jecker and
	             Christof L{\"{o}}ding and
	             Sarah Winter},
	title     = {On Equivalence and Uniformisation Problems for Finite Transducers},
	booktitle = icalp,
	series    = lipics,
	volume    = {55},
	publisher = leib,
	pages     = {125:1--125:14},
	year      = {2016},
	doi       = {10.4230/LIPIcs.ICALP.2016.125}
}


parsing error
parsing error

@article{SpannersJACM,
	author  = {Ronald Fagin and
	           Benny Kimelfeld and
	           Frederick Reiss and
	           Stijn Vansummeren},
	title   = {Document {S}panners: {A} Formal Approach to Information Extraction},
	volume  = {62},
	number  = {2},
	pages   = {12:1--12:51},
	year    = {2015},
	doi     = {10.1145/2699442}
}


parsing error
parsing error

@article{Simon90,
	author  = {Imre Simon},
	title   = {Factorization Forests of Finite Height},
	volume  = {72},
	number  = {1},
	pages   = {65--94},
	year    = {1990},
	doi     = {10.1016/0304-3975(90)90047-L}
}


parsing error
parsing error
@inproceedings{FiliotJLW16,
	author    = {Emmanuel Filiot and
	             Isma{\"{e}}l Jecker and
	             Christof L{\"{o}}ding and
	             Sarah Winter},
	title     = {On Equivalence and Uniformisation Problems for Finite Transducers},
	booktitle = icalp,
	series    = lipics,
	volume    = {55},
	publisher = leib,
	pages     = {125:1--125:14},
	year      = {2016},
	doi       = {10.4230/LIPIcs.ICALP.2016.125}
}


church1962logic
Church1962Logic
@inproceedings{Church1962Logic,
	title     = {Logic, arithmetic and automata},
	author    = {Church, Alonzo},
	booktitle = {Proceedings of the international congress of mathematicians},
	volume    = {1962},
	pages     = {23--35},
	year      = {1962}
}


pnueli1989synthesis
Pnueli1989Synthesis
@article{Pnueli1989Synthesis,
	title     = {On the synthesis of an asynchronous reactive module},
	author    = {Pnueli, Amir and Rosner, Roni},
	pages     = {652--671},
	year      = {1989},
	publisher = {Springer}
}


parsing error
parsing error

@inproceedings{DeutschT01,
	author    = {Alin Deutsch and
	             Val Tannen},
	title     = {Containment and Integrity Constraints for {XP}ath},
	booktitle = {Proceedings of the International Workshop on Knowledge Representation
	             meets Databases {(KRDB)})},
	year      = {2001},
	series    = {{CEUR} Workshop Proceedings},
	volume    = {45},
	publisher = {CEUR-WS.org},
	year      = {2001}
}


parsing error
parsing error
@article{Minsky1961,
	author  = {M. L. Minsky},
	title   = {Recursive unsolvability of Post's problem of `tag' and
	           other topics in the theory of Turing Machines},
	volume  = {74},
	year    = {1961},
	pages   = {437--455}
}



parsing error
parsing error
@article{NevenS06,
	author  = {Frank Neven and
	           Thomas Schwentick},
	title   = {On the complexity of {XP}ath containment in the presence of disjunction,
	           {DTD}s, and variables},
	volume  = {2},
	number  = {3},
	year    = {2006},
	doi     = {10.2168/LMCS-2(3:1)2006}
}


parsing error
parsing error
@inproceedings{ArecesF16,
	author    = {Carlos Areces and
	             Raul Fervari},
	title     = {Hilbert-Style Axiomatization for Hybrid {XP}ath with Data},
	booktitle = {Logics in Artificial Intelligence - 15th European Conference, {JELIA}
	             2016, Larnaca, Cyprus, November 9-11, 2016, Proceedings},
	pages     = {34--48},
	year      = {2016},
	doi       = {10.1007/978-3-319-48758-8_3},
	series    = lncs,
	publisher = spr,
	volume    = {10021}
}


parsing error
parsing error
@inproceedings{ArecesFS17,
	author    = {Carlos Areces and
	             Raul Fervari and
	             Nahuel Seiler},
	title     = {Tableaux for Hybrid {XP}ath with Data},
	booktitle = {Progress in Artificial Intelligence {(EPIA)}},
	pages     = {611--623},
	year      = {2017},
	doi       = {10.1007/978-3-319-65340-2_50},
	series    = lncs,
	volume    = {10423},
	publisher = spr
}


parsing error
parsing error
@article{AbriolaDFF17,
	author    = {Sergio Abriola and
	             Mar{\'{\i}}a Emilia Descotte and
	             Raul Fervari and
	             Santiago Figueira},
	title     = {Axiomatizations for downward {XP}ath on data trees},
	volume    = {89},
	pages     = {209--245},
	year      = {2017},
	doi       = {10.1016/j.jcss.2017.05.008},
}


parsing error
parsing error
@inproceedings{DeckerT16,
	author    = {Normann Decker and
	             Daniel Thoma},
	title     = {On Freeze {LTL} with Ordered Attributes},
	booktitle = fossacs,
	pages     = {269--284},
	year      = {2016},
	doi       = {10.1007/978-3-662-49630-5_16},
	publisher = spr,
	series    = lncs,
	volume    = {9634}
}


parsing error
parsing error
@article{AfratiCK11,
	author  = {Foto N. Afrati and
	           Sara Cohen and
	           Gabriel M. Kuper},
	title   = {On the complexity of tree pattern containment with arithmetic comparisons},
	volume  = {111},
	number  = {15},
	pages   = {754--760},
	year    = {2011},
	doi     = {10.1016/j.ipl.2011.04.014}
}


parsing error
parsing error
@inproceedings{DavidGLM13,
	author    = {Claire David and
	             Am{\'{e}}lie Gheerbrant and
	             Leonid Libkin and
	             Wim Martens},
	title     = {Containment of pattern-based queries over data trees},
	booktitle = icdt,
	pages     = {201--212},
	year      = {2013},
	doi       = {10.1145/2448496.2448521},
	publisher = acm
}


parsing error
parsing error
@article{Schmitz16,
	author  = {Sylvain Schmitz},
	title   = {Complexity Hierarchies beyond Elementary},
	volume  = {8},
	number  = {1},
	pages   = {3:1--3:36},
	year    = {2016},
	doi     = {10.1145/2858784}
}


parsing error
parsing error
@inproceedings{BaeldeLS16,
	author    = {David Baelde and
	             Simon Lunel and
	             Sylvain Schmitz},
	title     = {A Sequent Calculus for a Modal Logic on Finite Data Trees},
	booktitle = csl,
	pages     = {32:1--32:16},
	year      = {2016},
	doi       = {10.4230/LIPIcs.CSL.2016.32},
	series    = lipics,
	volume    = {62},
	publisher = lzi
}


parsing error
parsing error
@inproceedings{GollerHLT16,
	author    = {Stefan G{\"{o}}ller and
	             Christoph Haase and
	             Ranko Lazi{\'c} and
	             Patrick Totzke},
	title     = {A Polynomial-Time Algorithm for Reachability in Branching {VASS} in
	             Dimension One},
	booktitle = icalp,
	pages     = {105:1--105:13},
	year      = {2016},
	doi       = {10.4230/LIPIcs.ICALP.2016.105},
	series    = lipics,
	volume    = {55},
	publisher = leib
}



parsing error
parsing error
@article{Filiot:funcTransSiglog,
	author    = {Emmanuel Filiot and Pierre-Alain Reynier},
	title     = {Transducers, logic and algebra for functions of finite words},
	volume    = {3},
	number    = {3},
	year      = {2016},
	pages     = {4--19},
	publisher = acm
} 


parsing error
parsing error
@inproceedings{LosemannM14,
	author    = {Katja Losemann and
	             Wim Martens},
	title     = {{MSO} queries on trees: enumerating answers under updates},
	booktitle = lics,
	pages     = {67:1--67:10},
	year      = {2014},
	doi       = {10.1145/2603088.2603137},
	publisher = acm
}


parsing error
parsing error
@inproceedings{Lacki:GraphTime,
	author    = {{\L}a{\'c}ki, Jakub and Sankowski, Piotr},
	title     = {Reachability in Graph Timelines},
	booktitle = itcs,
	year      = {2013},
	pages     = {257--268},
	doi       = {10.1145/2422436.2422468},
	publisher = acm
}


parsing error
parsing error
@inproceedings{KarczmarzL15,
	author    = {Adam Karczmarz and
	             Jakub Lacki},
	title     = {Fast and Simple Connectivity in Graph Timelines},
	booktitle = {International Symposium on Algorithms and Data Structures (WADS)},
	pages     = {458--469},
	year      = {2015},
	doi       = {10.1007/978-3-319-21840-3_38},
	publisher = spr,
	series    = lncs,
	volume    = {9214}
}


parsing error
parsing error
@article{RodittyZ16,
	author  = {Liam Roditty and
	           Uri Zwick},
	title   = {A Fully Dynamic Reachability Algorithm for Directed Graphs with an
	           Almost Linear Update Time},
	volume  = {45},
	number  = {3},
	pages   = {712--733},
	year    = {2016},
	doi     = {10.1137/13093618X}
}







lazic2015nonelementary
Lazic2015Nonelementary
@article{Lazic2015Nonelementary,
	title     = {Nonelementary complexities for branching VASS, MELL, and extensions},
	author    = {Lazi{\'c}, Ranko and Schmitz, Sylvain},
	volume    = {16},
	number    = {3},
	pages     = {20},
	year      = {2015},
	publisher = {ACM}
}


parsing error
parsing error
@inproceedings{Gastin&Kuske03,
	title     = {Satisfiability and model checking for {MSO}-definable temporal logics are in {PSPACE}},
	author    = {Gastin, Paul and Kuske, Dietrich},
	booktitle = {CONCUR 2003-Concurrency Theory},
	pages     = {222--236},
	year      = {2003},
	volume    = {2761},
	series    = LNCS,
	publisher = spr
}


parsing error
parsing error

@article{Wolper83,
	title     = {Temporal logic can be more expressive},
	author    = {Wolper, Pierre},
	volume    = {56},
	number    = {1},
	pages     = {72--99},
	year      = {1983},
	publisher = elv
}


bollig2012model
Bollig2012Model
@incollection{Bollig2012Model,
	title     = {Model checking languages of data words},
	author    = {Bollig, Benedikt and Cyriac, Aiswarya and Gastin, Paul and Kumar, K Narayan},
	booktitle = {Foundations of Software Science and Computational Structures},
	pages     = {391--405},
	year      = {2012},
	publisher = spr
}


parsing error
parsing error
@article{LucLeonid:definableFOrels,
	author    = {Benedikt, Michael and Libkin, Leonid and Schwentick, Thomas and Segoufin, Luc},
	title     = {Definable Relations and First-order Query Languages over Strings},
	volume    = {50},
	number    = {5},
	year      = {2003},
	pages     = {694--751},
	doi       = {10.1145/876638.876642},
	publisher = acm
} 


parsing error
parsing error
@inproceedings{segoufin06,
	title     = {Automata and logics for words and trees over an infinite alphabet},
	author    = {Segoufin, Luc},
	booktitle = csl,
	pages     = {41--57},
	year      = {2006},
	series    = lncs,
	volume    = {4207},
	publisher = spr
}


jacquemard2016fo2
Jacquemard2016Fo2
@article{Jacquemard2016Fo2,
	title   = {$\textup{FO}^2 (<,+ 1,\sim)$ on data trees, data tree automata and branching vector addition systems},
	author  = {Jacquemard, Florent and Segoufin, Luc and Dimino, Jeremie},
	year    = {2016}
}


rackoff1978covering
Rackoff1978Covering
@article{Rackoff1978Covering,
	title     = {The covering and boundedness problems for vector addition systems},
	author    = {Rackoff, Charles},
	volume    = {6},
	number    = {2},
	pages     = {223--231},
	year      = {1978},
	publisher = {Elsevier}
}


parsing error
parsing error
@book{AbiteboulHV95,
	title     = {Foundations of databases},
	author    = {Abiteboul, Serge and Hull, Richard and Vianu, Victor},
	volume    = {8},
	year      = {1995},
	publisher = {Addison-Wesley Reading}
}
@inproceedings{bodlaender1993linear,
	title        = {A linear time algorithm for finding tree-decompositions of small treewidth},
	author       = {Bodlaender, Hans L},
	booktitle    = {Proceedings of the twenty-fifth annual ACM symposium on Theory of computing},
	pages        = {226--234},
	year         = {1993},
	organization = {ACM}
}


gottlob2001complexity
Gottlob2001Complexity
@article{Gottlob2001Complexity,
	title     = {The complexity of acyclic conjunctive queries},
	author    = {Gottlob, Georg and Leone, Nicola and Scarcello, Francesco},
	volume    = {48},
	number    = {3},
	pages     = {431--498},
	year      = {2001},
	publisher = acm
}


parsing error
parsing error
@inproceedings{Baeza13,
	author    = {Pablo Barcel{\'{o}} Baeza},
	title     = {Querying graph databases},
	booktitle = pods,
	pages     = {175--188},
	year      = {2013},
	doi       = {10.1145/2463664.2465216},
	publisher = acm
}


parsing error
parsing error
@inproceedings{AbiteboulBMW13,
	author    = {Serge Abiteboul and
	             Pierre Bourhis and
	             Anca Muscholl and
	             Zhilin Wu},
	title     = {Recursive queries on trees and data trees},
	publisher = acm,
	booktitle = icdt,
	pages     = {93--104},
	year      = {2013},
	doi       = {10.1145/2448496.2448509}
}


parsing error
parsing error
@article{Olteanu07,
	author  = {Dan Olteanu},
	title   = {Forward node-selecting queries over trees},
	volume  = {32},
	number  = {1},
	pages   = {3},
	year    = {2007},
	doi     = {10.1145/1206049.1206052}
}


parsing error
parsing error
@inproceedings{OlteanuMFB02,
	author    = {Dan Olteanu and
	             Holger Meuss and
	             Tim Furche and
	             Fran{\c{c}}ois Bry},
	title     = {{XP}ath: Looking Forward},
	booktitle = edbt,
	pages     = {109--127},
	year      = {2002},
	doi       = {10.1007/3-540-36128-6_7}
}
@article{CadilhacFM12,
	author  = {Micha{\"{e}}l Cadilhac and
	           Alain Finkel and
	           Pierre McKenzie},
	title   = {{A}ffine {P}arikh automata},
	volume  = {46},
	number  = {4},
	pages   = {511--545},
	year    = {2012},
	doi     = {10.1051/ita/2012013}
}


parsing error
parsing error
@inproceedings{DBLP:conf/tcc/DworkMNS06,
	author    = {Cynthia Dwork and
	             Frank McSherry and
	             Kobbi Nissim and
	             Adam Smith},
	title     = {Calibrating Noise to Sensitivity in Private Data Analysis},
	booktitle = ttc,
	year      = {2006},
	pages     = {265--284},
	doi       = {10.1007/11681878_14},
	publisher = spr
}
@proceedings{DBLP:conf/tcc/2006,
	editor    = {Shai Halevi and
	             Tal Rabin},
	title     = {Theory of Cryptography, Third Theory of Cryptography Conference, {TCC}
	             2006, New York, NY, USA, March 4-7, 2006, Proceedings},
	series    = {Lecture Notes in Computer Science},
	year      = {2006},
	volume    = {3876},
}


parsing error
parsing error
@inproceedings{BlumDMN05,
	author    = {Avrim Blum and
	             Cynthia Dwork and
	             Frank McSherry and
	             Kobbi Nissim},
	title     = {Practical privacy: the SuLQ framework},
	booktitle = pods,
	year      = {2005},
	pages     = {128--138},
	doi       = {10.1145/1065167.1065184},
	publisher = acm
}


parsing error
parsing error
@inproceedings{DworkN04,
	author    = {Cynthia Dwork and
	             Kobbi Nissim},
	title     = {Privacy-Preserving Datamining on Vertically Partitioned Databases},
	booktitle = crypto,
	year      = {2004},
	pages     = {528--544},
	doi       = {10.1007/978-3-540-28628-8_32},
	publisher = spr,
	volume    = {3152},
	series    = lncs
}


parsing error
parsing error
@inproceedings{Dinur03,
	author    = {Dinur, Irit and Nissim, Kobbi},
	title     = {Revealing Information While Preserving Privacy},
	booktitle = pods,
	year      = {2003},
	pages     = {202--210},
	numpages  = {9},
	doi       = {10.1145/773153.773173},
	publisher = acm
} 


parsing error
parsing error
@inproceedings{Dwork06,
	author    = {Cynthia Dwork},
	title     = {Differential Privacy},
	booktitle = icalp,
	year      = {2006},
	pages     = {1--12},
	doi       = {10.1007/11787006_1},
	volume    = {4052},
	series    = lncs,
	publisher = spr
}


Aho79-chase
Aho79-chase
@article{Aho79-chase,
	author    = {Aho, A. V. and Beeri, C. and Ullman, J. D.},
	title     = {The Theory of Joins in Relational Databases},
	volume    = {4},
	number    = {3},
	year      = {1979},
	pages     = {297--314},
	doi       = {10.1145/320083.320091},
	publisher = acm
} 


Maier79-chase
Maier79-chase
@article{Maier79-chase,
	author    = {Maier, David and Mendelzon, Alberto O. and Sagiv, Yehoshua},
	title     = {Testing Implications of Data Dependencies},
	volume    = {4},
	number    = {4},
	year      = {1979},
	pages     = {455--469},
	doi       = {10.1145/320107.320115},
	publisher = acm
} 


parsing error
parsing error

@article{Ibarra78,
	author  = {Oscar H. Ibarra},
	title   = {Reversal-Bounded Multicounter Machines and Their Decision Problems},
	volume  = {25},
	number  = {1},
	year    = {1978},
	pages   = {116-133},
	doi     = {10.1145/322047.322058}
}


parsing error
parsing error
@inproceedings{CM90,
	author    = {Consens, Mariano P. and Mendelzon, Alberto O.},
	title     = {GraphLog: A Visual Formalism for Real Life Recursion},
	booktitle = pods,
	year      = {1990},
	pages     = {404-416},
	doi       = {10.1145/298514.298591},
	publisher = acm
}


parsing error
parsing error
@inproceedings{Vardi82,
	author    = {Moshe Y. Vardi},
	title     = {The Complexity of Relational Query Languages (Extended Abstract)},
	booktitle = stoc,
	pages     = {137--146},
	year      = {1982},
	doi       = {10.1145/800070.802186},
	publisher = acm
}


parsing error
parsing error
@inproceedings{CalvaneseDeGiacomoLenzeriniVardi2000Containment,
	author    = {Diego Calvanese and
	             Giuseppe {De Giacomo} and
	             Maurizio Lenzerini and
	             Moshe Y. Vardi},
	title     = {Containment of Conjunctive Regular Path Queries with Inverse},
	booktitle = kr,
	year      = {2000},
	pages     = {176-185}
}
@inproceedings{CMW87,
	author    = {Isabel F. Cruz and
	             Alberto O. Mendelzon and
	             Peter T. Wood},
	title     = {A Graphical Query Language Supporting Recursion},
	booktitle = sigmod,
	year      = {1987},
	pages     = {323-330},
	doi       = {10.1145/38713.38749},
	publisher = acm
}
@inproceedings{KariantoKT06,
	author    = {Wong Karianto and
	             Aloys Krieg and
	             Wolfgang Thomas},
	title     = {On Intersection Problems for Polynomially Generated Sets},
	booktitle = icalp,
	year      = {2006},
	pages     = {516-527},
	doi       = {10.1007/11787006_44},
	publisher = spr,
	series    = lncs,
	volume    = {4052}
}
@article{Kop10,
	author  = {Eryk Kopczy{\'n}ski},
	title   = {Complexity of Problems for Commutative Grammars},
	volume  = {abs/1003.4105},
	year    = {2010},
	ee      = {http://arxiv.org/abs/1003.4105}
}


parsing error
parsing error
@phdthesis{anthonyPhd,
	author = {Lin, Anthony Widjaja},
	school = {University of Edinburgh},
	type   = {Ph{D} Thesis},
	title  = {Model Checking Infinite-State Systems: Generic and Specific Approaches},
	year   = {2010},
	url    = {https://www.era.lib.ed.ac.uk/handle/1842/4671}
}


parsing error
parsing error
@inproceedings{KopczynskiT10,
	author    = {Eryk Kopczy{\'n}ski and
	             Anthony Widjaja To},
	title     = {Parikh Images of Grammars: Complexity and Applications},
	booktitle = lics,
	year      = {2010},
	pages     = {80-89},
	doi       = {10.1109/LICS.2010.21},
	publisher = ieee
}
@inproceedings{VermaSS05,
	author    = {Kumar Neeraj Verma and
	             Helmut Seidl and
	             Thomas Schwentick},
	title     = {On the Complexity of Equational Horn Clauses},
	booktitle = cade,
	year      = {2005},
	pages     = {337-352},
	doi       = {10.1007/11532231_25},
	publisher = spr,
	series    = lncs,
	volume    = {3632}
}


parsing error
parsing error
@inproceedings{Kozen77,
	author    = {Dexter Kozen},
	title     = {Lower Bounds for Natural Proof Systems},
	booktitle = focs,
	year      = {1977},
	pages     = {254-266},
	doi       = {10.1109/SFCS.1977.16},
	publisher = ieee
}


parsing error
parsing error
@inproceedings{BM-lics2014,
	author    = {Pablo Barcel{\'o} and Pablo Mu{\~n}oz},
	booktitle = {CSL-LICS},
	title     = {Graph Logics with Rational Relations: The Role of Word Combinatorics},
	year      = {2014},
	doi       = {10.1145/2603088.2603122}
}


parsing error
parsing error

@article{BarceloLLW12,
	author  = {Pablo Barcel{\'o} and
	           Leonid Libkin and
	           Anthony Widjaja Lin and
	           Peter T. Wood},
	title   = {Expressive Languages for Path Queries over Graph-Structured
	           Data},
	volume  = {37},
	number  = {4},
	year    = {2012},
	pages   = {31},
	doi     = {10.1145/2389241.2389250}
}


parsing error
parsing error
@inproceedings{BlackburnMR95,
	title     = {A Proof System for Finite Trees},
	booktitle = csl,
	pages     = {86-105},
	series    = LNCS,
	volume    = 1092,
	year      = 1995,
	publisher = spr
}
@article{tCateLM10:jal,
	author  = {B. {ten Cate} and T. Litak and M. Marx},
	title   = {Complete Axiomatizations for {XPath} fragments},
	volume  = {8},
	number  = {2},
	pages   = {153-172},
	year    = {2010},
	doi     = {10.1016/j.jal.2009.09.002}
}


parsing error
parsing error
@article{fletcher14,
	author  = {G. H.L. Fletcher and M. Gyssens and D. Leinders and J. {van den Bussche}
	           and D. {Van Gucht} and S. Vansummeren},
	title   = {Similarity and bisimilarity notions appropriate for characterizing indistinguishability in fragments of the calculus of relations},
	year    = 2014
}


parsing error
parsing error
@inproceedings{KlaedtkeR03,
	author    = {Felix Klaedtke and
	             Harald Rue{\ss}},
	title     = {Monadic Second-Order Logics with Cardinalities},
	booktitle = icalp,
	year      = {2003},
	pages     = {681-696},
	doi       = {10.1007/3-540-45061-0_54},
	publisher = spr,
	series    = lncs,
	volume    = {2719}
}


parsing error
parsing error
@mastersthesis{Karianto04,
	author = {Wong Karianto},
	title  = {Parikh automata with pushdown stack},
	school = {RWTH Aachen},
	year   = {2004},
	url    = {http://www.automata.rwth-aachen.de/download/papers/karianto/ka04.pdf}
}


parsing error
parsing error
@article{Scarpellini84,
	title     = {Complexity of Subcases of {P}resburger Arithmetic},
	author    = {Scarpellini, Bruno},
	volume    = {284},
	number    = {1},
	pages     = {pp. 203-218},
	doi       = {10.2307/1999283},
	year      = {1984},
	publisher = ams
}


parsing error
parsing error
@article{ginsburg1966,
	author    = {Ginsburg, Seymour and Spanier, Edwin H.},
	number    = {2},
	pages     = {285--296},
	title     = {Semigroups, {P}resburger formulas, and languages.},
	volume    = {16},
	year      = {1966}
}


parsing error
parsing error
@inproceedings{Grohe99,
	author    = {Martin Grohe},
	title     = {Descriptive and Parameterized Complexity},
	booktitle = csl,
	pages     = {14--31},
	year      = {1999},
	doi       = {10.1007/3-540-48168-0_3},
	series    = lncs,
	volume    = {1683},
	publisher = spr
}


parsing error
parsing error
@inproceedings{Vianu09,
	author    = {Victor Vianu},
	title     = {Automatic verification of database-driven systems: a new
	             frontier},
	booktitle = icdt,
	year      = {2009},
	pages     = {1-13},
	doi       = {10.1145/1514894.1514896},
	volume    = {361},
	series    = {ACM International Conference Proceeding Series},
	publisher = acm
}


parsing error
parsing error

@article{FletcherGWGBP09,
	author  = {George H. L. Fletcher and
	           Dirk Van Gucht and
	           Yuqing Wu and
	           Marc Gyssens and
	           Sofia Brenes and
	           Jan Paredaens},
	title   = {A methodology for coupling fragments of {XP}ath with structural
	           indexes for {XML} documents},
	volume  = {34},
	number  = {7},
	year    = {2009},
	pages   = {657-670},
	doi     = {10.1016/j.is.2008.09.003}
}




parsing error
parsing error
@book{LibkinFMT,
	author    = {Leonid Libkin},
	title     = {Elements of Finite Model Theory},
	publisher = {Springer},
	year      = {2004},
}


parsing error
parsing error

@book{FMT-EF,
	author    = {Heinz-Dieter Ebbinghaus and
	             J{\"o}rg Flum},
	title     = {Finite model theory},
	publisher = {Springer},
	series    = {Perspectives in Mathematical Logic},
	year      = {1995},
	pages     = {I-XV, 1-327},
}
@article{Dawar10-hpt,
	author    = {Anuj Dawar},
	title     = {Homomorphism preservation on quasi-wide classes},
	volume    = {76},
	number    = {5},
	year      = {2010},
	pages     = {324-332},
	ee        = {http://dx.doi.org/10.1016/j.jcss.2009.10.005},
}


AtseriasDK06-hpt
Atseriasdk06-hpt
@article{Atseriasdk06-hpt,
	author    = {Albert Atserias and
	             Anuj Dawar and
	             Phokion G. Kolaitis},
	title     = {On preservation under homomorphisms and unions of conjunctive
	             queries},
	volume    = {53},
	number    = {2},
	year      = {2006},
	pages     = {208-237},
	ee        = {http://doi.acm.org/10.1145/1131342.1131344},
}


parsing error
parsing error
@article{AjtaiGur94,
	author    = {Mikl{\'o}s Ajtai and
	             Yuri Gurevich},
	title     = {Datalog vs First-Order Logic},
	volume    = {49},
	number    = {3},
	year      = {1994},
	pages     = {562-588},
	ee        = {http://dx.doi.org/10.1016/S0022-0000(05)80071-6},
}


parsing error
parsing error
@inproceedings{BojanczykPlace12,
	author    = {Miko{\l}aj Boja{\'n}czyk and
	             Thomas Place},
	title     = {Toward Model Theory with Data Values},
	booktitle = icalp,
	year      = {2012},
	pages     = {116-127},
	ee        = {http://dx.doi.org/10.1007/978-3-642-31585-5_14},
	volume    = {7392},
	publisher = {Springer},
	series    = lncs,
}


parsing error
parsing error
@book{HMU-AutomataTheoryBook,
	author    = {John E. Hopcroft and
	             Rajeev Motwani and
	             Jeffrey D. Ullman},
	title     = {Introduction to automata theory, languages, and computation
	             - international edition (2. ed)},
	publisher = {Addison-Wesley},
	year      = {2003},
	pages     = {I-XIV, 1-521},
}


parsing error
parsing error
@article{ChoffrutC83,
	author  = {Christian Choffrut and
	           Karel {Culik~II}},
	title   = {Properties of Finite and Pushdown Transducers},
	volume  = {12},
	number  = {2},
	year    = {1983},
	pages   = {300-315},
	ee      = {http://dx.doi.org/10.1137/0212019}
}


parsing error
parsing error
@article{DawarO09,
	author    = {Anuj Dawar and
	             Martin Otto},
	title     = {Modal characterisation theorems over special classes of frames},
	volume    = 161,
	number    = 1,
	year      = 2009,
	pages     = {1-42},
	ee        = {http://dx.doi.org/10.1016/j.apal.2009.04.002},
}



parsing error
parsing error
@inproceedings{GrooteGS04,
	author    = {Philippe de Groote and
	             Bruno Guillaume and
	             Sylvain Salvati},
	title     = {Vector Addition Tree Automata},
	booktitle = lics,
	year      = {2004},
	pages     = {64-73},
	doi       = {10.1109/LICS.2004.1319601},
	publisher = ieee
}


parsing error
parsing error
@inproceedings{DDG-lfcs2007,
	author    = {Demri, St{\'e}phane and D'Souza, Deepak and Gascon, R{\'e}gis},
	booktitle = lfcs,
	doi       = {10.1007/978-3-540-72734-7_13},
	pages     = {180-194},
	publisher = {Springer},
	series    = {LNCS},
	title     = {Decidable Temporal Logic with Repeating Values},
	volume    = {4514},
	year      = {2007}
}


parsing error
parsing error

@article{CartonCG06,
	author    = {Olivier Carton and
	             Christian Choffrut and
	             Serge Grigorieff},
	title     = {Decision problems among the main subfamilies of rational
	             relations},
	volume    = {40},
	number    = {2},
	year      = {2006},
	pages     = {255-275},
	ee        = {http://dx.doi.org/10.1051/ita:2006005},
}


parsing error
parsing error
@article{Thomas92,
	author  = {Wolfgang Thomas},
	title   = {Infinite trees and automaton-definable relations over $\omega$-words},
	volume  = {103},
	number  = {1},
	pages   = {143 - 159},
	year    = {1992},
	doi     = {10.1016/0304-3975(92)90090-3},
}


parsing error
parsing error

@article{FrougnySakarovitch93,
	author    = {Christiane Frougny and
	             Jacques Sakarovitch},
	title     = {Synchronized Rational Relations of Finite and Infinite Words},
	volume    = {108},
	number    = {1},
	year      = {1993},
	pages     = {45-82},
	ee        = {http://dx.doi.org/10.1016/0304-3975(93)90230-Q},
}


parsing error
parsing error
@article{nivat68,
	author  = {Maurice Nivat},
	title   = {Transduction des langages de {C}homsky},
	volume  = {18},
	year    = {1968},
	pages   = {339-455}
}


parsing error
parsing error
@mastersthesis{FigMSc,
	author = {Figueira, Diego},
	school = {Departamento de Computaci{\'o}n, Facultad de Ciencias Exactas y Naturales, Universidad de Buenos Aires, Argentina},
	type   = {{MSc} thesis},
	title  = {Bisimulations on Neighbourhood Semantics},
	url    = {http://www.lsv.ens-cachan.fr/Publis/PAPERS/PDF/figueira-m2.pdf},
	year   = {2006}
}


parsing error
parsing error
@inproceedings{AF09,
	author    = {Areces, Carlos and Figueira, Diego},
	booktitle = ijcai,
	pages     = {671-676},
	publisher = aaai,
	title     = {Which Semantics for Neighbourhood Semantics?},
	url       = {http://www.lsv.ens-cachan.fr/Publis/PAPERS/PDF/AF-ijcai09.pdf},
	year      = {2009}
}


parsing error
parsing error
@article{MarxR05,
	author    = {Maarten Marx and
	             Maarten de Rijke},
	title     = {Semantic characterizations of navigational XPath},
	volume    = {34},
	number    = {2},
	year      = {2005},
	pages     = {41-46},
	ee        = {http://doi.acm.org/10.1145/1083784.1083792},
}


parsing error
parsing error
@article{BojanczykP11,
	author  = {Miko{\l}aj Boja{\'n}czyk and
	           Pawe{\l} Parys},
	title   = {{XP}ath evaluation in linear time},
	volume  = {58},
	number  = {4},
	year    = {2011},
	pages   = {17},
	ee      = {http://doi.acm.org/10.1145/1989727.1989731}
}


parsing error
parsing error
@article{lisovik,
	author  = {L.~Lisovik},
	title   = {The identity problem for regular events over the direct product of free and cyclic semigroups. },
	volume  = {6},
	year    = {1979},
	pages   = {410-413}
}


parsing error
parsing error
@article{ElgotM1965,
	author     = {Elgot, C. C. and Mezei, J. E.},
	title      = {On relations defined by generalized finite automata},
	issue_date = {January 1965},
	volume     = {9},
	number     = {1},
	year       = {1965},
	pages      = {47--68},
	numpages   = {22},
	doi        = {10.1147/rd.91.0047},
	acmid      = {1664574},
	publisher  = {IBM Corp.}
} 


parsing error
parsing error
@article{Choffrut06,
	author    = {Christian Choffrut},
	title     = {Relations over Words and Logic: A Chronology},
	volume    = {89},
	year      = {2006},
	pages     = {159-163},
}


parsing error
parsing error
@book{sakarovitch:book,
	author    = {Jacques Sakarovitch},
	title     = {Elements of Automata Theory},
	publisher = {Cambridge University Press},
	year      = {2009},
	pages     = {I-XXIV, 1-758},
}


parsing error
parsing error
@book{Berstel:1979,
	author    = {Jean Berstel},
	title     = {Transductions and Context-Free Languages},
	publisher = {B.~G.~Teubner},
	year      = 1979,
	edition   = 1979
}


parsing error
parsing error
@article{BK08,
	author  = {Michael Benedikt and
	           Christoph Koch},
	title   = {{XP}ath leashed},
	volume  = {41},
	number  = {1},
	year    = {2008},
	doi     = {10.1145/1456650.1456653}
}



parsing error
parsing error
@article{Marcone94,
	author    = {Alberto Marcone},
	title     = {Foundations of bqo theory},
	volume    = {345},
	year      = {1994},
	pages     = {641--660},
	doi       = {10.1090/S0002-9947-1994-1219735-8},
	publisher = {American Mathematical Society}
}



parsing error
parsing error
@article{Kr60,
	author    = {Joseph B. Kruskal},
	title     = {Well-quasi-ordering, the tree theorem, and {V}azsonyi's conjecture},
	volume    = {95},
	number    = {2},
	year      = {1960},
	pages     = {210--225},
	doi       = {10.2307/F1993287},
	publisher = {American Mathematical Society}
}


parsing error
parsing error
@article{BjSch10,
	author    = {Bj\"{o}rklund, Henrik and Schwentick, Thomas},
	title     = {On notions of regularity for data languages},
	volume    = {411},
	number    = {4-5},
	year      = {2010},
	pages     = {702--715},
	doi       = {10.1016/j.tcs.2009.10.009},
	publisher = elv
}


parsing error
parsing error
@inproceedings{DHPV09,
	author    = {Deutsch, Alin and Hull, Richard and Patrizi, Fabio and Vianu, Victor},
	title     = {Automatic verification of data-centric business processes},
	booktitle = icdt,
	year      = {2009},
	pages     = {252--267},
	doi       = {10.1145/1514894.1514924},
	publisher = acm
}


parsing error
parsing error
@inproceedings{Pnueli77,
	author    = {Amir Pnueli},
	title     = {The Temporal Logic of Programs},
	booktitle = focs,
	pages     = {46--57},
	year      = {1977},
	doi       = {10.1109/SFCS.1977.32},
	publisher = ieee
}


parsing error
parsing error
@inproceedings{DattaKMSZ15,
	author    = {Samir Datta and
	             Raghav Kulkarni and
	             Anish Mukherjee and
	             Thomas Schwentick and
	             Thomas Zeume},
	title     = {Reachability is in {D}yn{FO}},
	booktitle = icalp,
	pages     = {159--170},
	year      = {2015},
	doi       = {10.1007/978-3-662-47666-6_13},
	publisher = spr,
	series    = lncs,
	volume    = {9135}
}
@inproceedings{DongS95,
	author    = {Guozhu Dong and
	             Jianwen Su},
	title     = {Space-Bounded {FOIES}},
	booktitle = pods,
	pages     = {139--150},
	year      = {1995},
	doi       = {10.1145/212433.220204},
	publisher = acm
}


parsing error
parsing error
@inproceedings{MunozVZ16,
	author    = {Pablo Mu{\~{n}}oz and
	             Nils Vortmeier and
	             Thomas Zeume},
	title     = {Dynamic Graph Queries},
	booktitle = icdt,
	pages     = {14:1--14:18},
	year      = {2016},
	doi       = {10.4230/LIPIcs.ICDT.2016.14},
	series    = lipics,
	volume    = {48},
	publisher = leib
}


parsing error
parsing error
@inproceedings{HuD15,
	author    = {Yong Hu and
	             Stefan Dessloch},
	title     = {Incrementally Maintaining Materialized Temporal Views in Column-Oriented
	             {N}o{SQL} Databases with Partial Deltas},
	booktitle = {New Trends in Databases and Information Systems (ADBIS)},
	pages     = {88--96},
	year      = {2015},
	doi       = {10.1007/978-3-319-23201-0_11},
	series    = {Communications in Computer and Information Science},
	volume    = {539},
	publisher = spr
}


parsing error
parsing error
@inproceedings{Segoufin14,
	author    = {Luc Segoufin},
	title     = {A glimpse on constant delay enumeration (Invited Talk)},
	booktitle = stacs,
	pages     = {13--27},
	year      = {2014},
	doi       = {10.4230/LIPIcs.STACS.2014.13},
	series    = lipics,
	publisher = leib
}


parsing error
parsing error
@article{DurandG07,
	author  = {Arnaud Durand and
	           Etienne Grandjean},
	title   = {First-order queries on structures of bounded degree are computable
	           with constant delay},
	volume  = {8},
	number  = {4},
	year    = {2007},
	doi     = {10.1145/1276920.1276923}
}


parsing error
parsing error
@inproceedings{APRXZ01,
	author    = {Arons, Tamarah and
	             Pnueli, Amir and
	             Ruah, Sitvanit and
	             Xu, Jiazhao and
	             Zuck, Lenore D.},
	title     = {Parameterized Verification with Automatically Computed Inductive Assertions},
	booktitle = cav,
	year      = {2001},
	pages     = {221--234},
	publisher = spr
}


parsing error
parsing error
@inproceedings{KSZ10,
	author    = {Ahmet Kara and
	             Thomas Schwentick and
	             Thomas Zeume},
	title     = {Temporal Logics on Words with Multiple Data Values},
	pages     = {481--492},
	booktitle = fsttcs,
	doi       = {10.4230/LIPIcs.FSTTCS.2010.481},
	series    = lipics,
	publisher = lzi,
	year      = 2010
}


parsing error
parsing error

@phdthesis{vanBenthemPhd,
	author = {Johan van Benthem},
	school = {Universiteit van Amsterdam},
	type   = {Ph{D} Thesis},
	title  = {Modal Correspondence Theory},
	year   = {1976}
}
@book{Milner80,
	author    = {Robin Milner},
	title     = {A Calculus of Communicating Systems},
	publisher = spr,
	series    = lncs,
	volume    = {92},
	year      = {1980},
	ee        = {http://dx.doi.org/10.1007/3-540-10235-3}
}
@inproceedings{Park81,
	author    = {David Michael Ritchie Park},
	title     = {Concurrency and Automata on Infinite Sequences},
	booktitle = {Theoretical Computer Science},
	year      = {1981},
	pages     = {167-183},
	ee        = {http://dx.doi.org/10.1007/BFb0017309},
	volume    = {104},
	publisher = {Springer},
	series    = lncs
}
@article{Sangiorgi09,
	author  = {Davide Sangiorgi},
	title   = {On the origins of bisimulation and coinduction},
	volume  = {31},
	number  = {4},
	year    = {2009},
	doi     = {10.1145/1516507.1516510}
}


parsing error
parsing error
@phdthesis{FigPhD,
	author = {Figueira, Diego},
	school = {Laboratoire Sp{\'e}cification et V{\'e}rification, ENS Cachan, France},
	type   = {Ph{D} Thesis},
	title  = {Reasoning on Words and Trees with Data},
	url    = {http://www.lsv.ens-cachan.fr/~figueira/phd/latest/thesisFigueira.pdf},
	year   = {2010}
}




parsing error
parsing error

@inproceedings{FFSS-lics2011,
	author    = {Figueira, Diego and Figueira, Santiago and Schmitz, Sylvain and Schnoebelen, {\relax Ph}ilippe},
	keywords  = {own},
	booktitle = lics,
	publisher = ieee,
	title     = {{A}ckermannian and Primitive-Recursive Bounds with {D}ickson's Lemma},
	year      = {2011},
	pages     = {269-278},
	doi       = {10.1109/LICS.2011.39}
}


parsing error
parsing error
@article{CateFL10,
	author  = {Balder ten Cate and
	           Ga{\"{e}}lle Fontaine and
	           Tadeusz Litak},
	title   = {Some modal aspects of {XP}ath},
	volume  = {20},
	number  = {3},
	pages   = {139--171},
	year    = {2010},
	doi     = {10.3166/jancl.20.139-171}
}


parsing error
parsing error
@inproceedings{DFP13,
	author    = {Demri, St{\'e}phane and Figueira, Diego and M. Praveen},
	booktitle = lics,
	publisher = ieee,
	title     = {Reasoning about data repetitions with counter systems},
	pages     = {33-42},
	year      = {2013},
	doi       = {10.1109/LICS.2013.8}
}
@incollection{hare:dyna84,
	author   = {David Harel},
	title    = {Dynamic Logic},
	pages    = {497--604},
	year     = {1984},
	crossref = {gabb:hand84}
}


parsing error
parsing error
@book{gabb:hand84,
	booktitle = {Handbook of Philosophical Logic. {V}ol. {I}{I}},
	volume    = {165},
	pages     = {xii+779},
	publisher = {D. Reidel Publishing Co.},
	series    = {Synthese Library},
	year      = {1984},
	note      = {Extensions of classical logic},
}


parsing error
parsing error
@inproceedings{FS-stacs11,
	author    = {Figueira, Diego and Segoufin, Luc},
	booktitle = stacs,
	title     = {Bottom-up automata on data trees and vertical {XP}ath},
	publisher = leib,
	series    = lipics,
	year      = {2011},
	pages     = {93-104},
	volume    = {9},
	doi       = {10.4230/LIPIcs.STACS.2011.93}
}


parsing error
parsing error
@article{BFL13,
	author  = {Barcel{\'o}, Pablo and Figueira, Diego and Libkin, Leonid},
	title   = {Graph Logics with Rational Relations},
	volume  = {9},
	number  = {3:01},
	doi     = {10.2168/LMCS-9(3:1)2013},
	year    = {2013}
}


parsing error
parsing error
@inproceedings{BarceloHLW10,
	author    = {Pablo Barcel{\'o} and
	             Carlos A. Hurtado and
	             Leonid Libkin and
	             Peter T. Wood},
	title     = {Expressive languages for path queries over graph-structured
	             data},
	booktitle = pods,
	year      = {2010},
	pages     = {3-14},
	doi       = {10.1145/1807085.1807089},
	publisher = acm
}


parsing error
parsing error
@inproceedings{BojBjo07,
	author    = {Henrik Bj{\"o}rklund and
	             Miko{\l}aj Boja{\'n}czyk},
	title     = {Bounded Depth Data Trees},
	booktitle = icalp,
	year      = 2007,
	pages     = {862-874},
	publisher = spr,
	series    = lncs,
	volume    = 4596,
	doi       = {10.1007/978-3-540-73420-8_74}
}


parsing error
parsing error

@inproceedings{WongLod07,
	author    = {Karianto Wong and
	             Christof L{\"o}ding},
	title     = {Unranked Tree Automata with Sibling Equalities and Disequalities},
	booktitle = icalp,
	year      = {2007},
	pages     = {875-887},
	publisher = spr,
	series    = lncs,
	volume    = {4596},
	doi       = {10.1007/978-3-540-73420-8_75}
}
@inproceedings{WongLod09,
	author    = {Christof L{\"o}ding and
	             Karianto Wong},
	title     = {On Nondeterministic Unranked Tree Automata with Sibling Constraints},
	booktitle = fsttcs,
	pages     = {311-322},
	series    = lipics,
	publisher = leib,
	volume    = {4},
	year      = {2009},
	doi       = {10.4230/LIPIcs.FSTTCS.2009.2328}
}


parsing error
parsing error
@article{KF94,
	author  = {Michael Kaminski and
	           Nissim Francez},
	title   = {Finite-Memory Automata},
	volume  = 134,
	number  = 2,
	year    = 1994,
	pages   = {329-363},
	doi     = {10.1016/0304-3975(94)90242-9}
}


parsing error
parsing error
@inproceedings{KamTan08,
	author    = {Michael Kaminski and
	             Tony Tan},
	title     = {Tree Automata over Infinite Alphabets},
	booktitle = {Pillars of Computer Science},
	pages     = {386-423},
	series    = lncs,
	volume    = {4800},
	year      = {2008},
	publisher = spr,
	doi       = {10.1007/978-3-540-78127-1_21}
}


parsing error
parsing error
@inproceedings{LibkinV12,
	author    = {Leonid Libkin and
	             Domagoj Vrgo{\v c}},
	title     = {Regular path queries on graphs with data},
	booktitle = icdt,
	year      = {2012},
	pages     = {74-85},
	ee        = {http://doi.acm.org/10.1145/2274576.2274585}
}
@inproceedings{LibkinMV13,
	author    = {Leonid Libkin and
	             Wim Martens and
	             Domagoj Vrgo{\v c}},
	title     = {Querying Graph Databases with {XP}ath},
	booktitle = icdt,
	year      = {2013},
	ee        = {http://doi.acm.org/10.1145/2274576.2274585}
}


parsing error
parsing error
@article{AnglesG08,
	author  = {Renzo Angles and
	           Claudio Guti{\'e}rrez},
	title   = {Survey of graph database models},
	volume  = {40},
	number  = {1},
	year    = {2008},
	doi     = {10.1145/1322432.1322433}
}


parsing error
parsing error
@inproceedings{Buneman97,
	author    = {Peter Buneman},
	title     = {Semistructured Data},
	booktitle = pods,
	year      = 1997,
	pages     = {117-121},
	ee        = {http://doi.acm.org/10.1145/263661.263675},
}


parsing error
parsing error
@book{BunemanSA99,
	author    = {Serge Abiteboul and
	             Peter Buneman and
	             Dan Suciu},
	title     = {Data on the Web: From Relations to Semistructured Data and
	             XML},
	publisher = {Morgan Kaufmann},
	year      = {1999},
}


parsing error
parsing error
@inproceedings{FHL10,
	author    = {Diego Figueira and
	             Piotr Hofman and
	             S{\l}awomir Lasota},
	keywords  = {own},
	booktitle = express,
	title     = {Relating timed and register automata},
	year      = 2010,
	pages     = {61--75},
	doi       = {10.4204/EPTCS.41.5}
}


parsing error
parsing error
@article{AD94,
	author  = {Rajeev Alur and David L. Dill},
	title   = {A theory of timed automata},
	year    = {1994},
	volume  = {126},
	pages   = {183-235},
	doi     = {10.1016/0304-3975(94)90010-8}
}


parsing error
parsing error
@article{NSV04,
	author  = {Frank Neven and
	           Thomas Schwentick and
	           Victor Vianu},
	title   = {Finite state machines for strings over infinite alphabets},
	volume  = 5,
	number  = 3,
	year    = 2004,
	pages   = {403-435},
	doi     = {10.1145/1013560.1013562}
}


parsing error
parsing error
@article{KF94,
	author  = {Michael Kaminski and
	           Nissim Francez},
	title   = {Finite-Memory Automata},
	volume  = 134,
	number  = 2,
	year    = 1994,
	pages   = {329-363},
	doi     = {10.1016/0304-3975(94)90242-9}
}


parsing error
parsing error
@inproceedings{Manuel10,
	author    = {Amaldev Manuel},
	title     = {Two orders and two variables},
	booktitle = mfcs,
	year      = {2010},
	publisher = spr,
	series    = lncs
}


parsing error
parsing error

@inproceedings{BMSmfcs08,
	author    = {Henrik Bj{\"o}rklund and
	             Wim Martens and
	             Thomas Schwentick},
	title     = {Optimizing Conjunctive Queries over Trees Using Schema Information},
	booktitle = mfcs,
	year      = {2008},
	pages     = {132-143},
	publisher = spr,
	series    = lncs,
	volume    = {5162},
	doi       = {10.1007/978-3-540-85238-4_10}
}


parsing error
parsing error
@inproceedings{David08,
	author    = {Claire David},
	title     = {Complexity of Data Tree Patterns over {XML} Documents},
	booktitle = mfcs,
	year      = {2008},
	pages     = {278--289},
	publisher = spr,
	series    = lncs,
	volume    = {5162},
	doi       = {10.1007/978-3-540-85238-4_22}
}


parsing error
parsing error
@inproceedings{HLP90,
	author    = {Eyal Harel and
	             Orna Lichtenstein and
	             Amir Pnueli},
	title     = {Explicit clock temporal logic},
	booktitle = lics,
	year      = {1990},
	pages     = {400--413},
	publisher = ieee,
	doi       = {10.1109/LICS.1990.113765  }
}


parsing error
parsing error

@article{DLT12,
	author  = {Claire David and
	           Leonid Libkin and
	           Tony Tan},
	title   = {Efficient reasoning about data trees via integer linear
	           programming},
	volume  = {37},
	number  = {3},
	year    = {2012},
	pages   = {19},
	doi     = {10.1145/2338626.2338632}
}


parsing error
parsing error
@inproceedings{SZ10,
	author    = {Thomas Schwentick
	             and Thomas Zeume},
	title     = {Two-variable Logic with Two Order Relations},
	booktitle = csl,
	year      = {2010}
}


BL10lics
Bl10Lics
@inproceedings{Bl10Lics,
	author    = {Miko{\l}aj Boja{\'n}czyk and
	             S{\l}awomir Lasota},
	title     = {An extension of data automata that captures {XP}ath},
	booktitle = lics,
	year      = 2010
}


parsing error
parsing error

@inproceedings{MR09,
	author    = {Manuel, Amaldev
	             and Ramanujam, R.},
	title     = {Counting Multiplicity over Infinite Alphabets},
	booktitle = rpro,
	year      = {2009},
	pages     = {141--153},
	doi       = {10.1007/978-3-642-04420-5_14},
	publisher = spr
}


parsing error
parsing error

@article{Jan99,
	author  = {Petr Jan{\v c}ar},
	title   = {A Note on Well Quasi-Orderings for Powersets},
	volume  = {72},
	number  = {5-6},
	year    = {1999},
	pages   = {155-160},
	doi     = {10.1016/S0020-0190(99)00149-0}
}


parsing error
parsing error

@inproceedings{BHJS07,
	author    = {Ahmed Bouajjani and
	             Peter Habermehl and
	             Yan Jurski and
	             Mihaela Sighireanu},
	title     = {Rewriting Systems with Data},
	booktitle = fct,
	year      = {2007},
	pages     = {1-22},
	doi       = {10.1007/978-3-540-74240-1_1}
}


parsing error
parsing error
@inproceedings{M04,
	author    = {Maarten Marx},
	title     = {{XP}ath with Conditional Axis Relations},
	booktitle = edbt,
	pages     = {477-494},
	publisher = spr,
	series    = lncs,
	volume    = {2992},
	year      = {2004},
	doi       = {10.1007/b95855}
}


parsing error
parsing error
@book{Gur97,
	author    = {Egon B{\"o}rger and
	             Erich Gr{\"a}del and
	             Yuri Gurevich},
	title     = {The Classical Decision Problem},
	publisher = spr,
	series    = {Perspectives in Mathematical Logic},
	year      = {1997},
}


parsing error
parsing error
@article{BPT03,
	author  = {Patricia Bouyer and
	           Antoine Petit and
	           Denis Th{\'e}rien},
	number  = {2},
	pages   = {137-162},
	title   = {An algebraic approach to data languages and timed languages},
	volume  = {182},
	year    = {2003},
	doi     = {10.1016/S0890-5401(03)00038-5}
}


parsing error
parsing error
@inproceedings{F09,
	author    = {Figueira, Diego},
	booktitle = pods,
	title     = {Satisfiability of Downward {XP}ath with Data Equality Tests},
	year      = 2009,
	pages     = {197-206},
	publisher = acm,
	doi       = {10.1145/1559795.1559827}
}


parsing error
parsing error
@article{Fig12,
	author    = {Figueira, Diego},
	publisher = acm,
	title     = {Decidability of Downward {XP}ath},
	volume    = {13},
	number    = {4},
	doi       = {10.1145/2362355.2362362},
	year      = {2012}
}


parsing error
parsing error
@inproceedings{FS09,
	author    = {Figueira, Diego and Segoufin, Luc},
	booktitle = mfcs,
	pages     = {331-343},
	title     = {Future-looking logics on data words and trees},
	publisher = spr,
	series    = {LNCS},
	volume    = 5734,
	year      = 2009,
	doi       = {10.1007/978-3-642-03816-7_29}
}


parsing error
parsing error

@inproceedings{KS07,
	author    = {Gjergji Kasneci and                Thomas Schwentick},
	booktitle = pods,
	pages     = {155-164},
	title     = {The complexity of reasoning about pattern-based {XML} schemas},
	publisher = acm,
	year      = {2007},
	doi       = {10.1145/1265530.1265552}
}


parsing error
parsing error

@article{BFG08,
	author  = {Michael Benedikt and
	           Wenfei Fan and
	           Floris Geerts},
	title   = {{XP}ath satisfiability in the presence of {DTD}s},
	volume  = 55,
	number  = 2,
	year    = 2008,
	pages   = {1--79},
	doi     = {10.1145/1346330.1346333}
}



BDMSS06:xml
Bdmss06:xml
@inproceedings{Bdmss06:xml,
	author    = {Miko{\l}aj Boja{\'n}czyk and Claire David and Anca Muscholl and Thomas Schwentick and                Luc Segoufin},
	booktitle = pods,
	pages     = {10-19},
	title     = {Two-variable logic on data trees and {XML} reasoning},
	year      = 2006,
	publisher = acm
}


BDMSS10:tocl
Bdmss10:tocl
@article{Bdmss10:tocl,
	author  = {Miko{\l}aj Boja{\'n}czyk and Claire David and Anca Muscholl and Thomas Schwentick and                Luc Segoufin},
	title   = {Two-variable logic on data words},
	year    = {2010}
}


BMSS09:xml:jacm
Bmss09:xml:jacm

@article{Bmss09:xml:jacm,
	author  = {Miko{\l}aj Boja{\'n}czyk and
	           Anca Muscholl and
	           Thomas Schwentick and
	           Luc Segoufin},
	title   = {Two-variable logic on data trees and {XML} reasoning},
	volume  = {56},
	number  = {3},
	year    = {2009},
	pages   = {1--48},
	doi     = {10.1145/1516512.1516515}
}


parsing error
parsing error

@article{SC85,
	author  = {A. Prasad Sistla and                Edmund M. Clarke},
	number  = {3},
	pages   = {733-749},
	title   = {The Complexity of Propositional Linear Temporal Logics},
	volume  = {32},
	year    = {1985},
	doi     = {10.1145/3828.3837}
}


parsing error
parsing error
@article{NO80,
	author  = {A. Nakamura and H. Ono},
	number  = {4},
	pages   = {325--333},
	title   = {On the Size of Refutation {K}ripke Models for Some linear modal and tense logics},
	volume  = {39},
	year    = {1980}
}


parsing error
parsing error
@inproceedings{OW06,
	author        = {J. Ouaknine and J. Worrell},
	booktitle     = {FOSSACS},
	date-added    = {2009-01-13 16:58:02 +0100},
	date-modified = {2009-01-13 16:58:02 +0100},
	pages         = {217--230},
	publisher     = spr,
	series        = {LNCS},
	title         = {On {M}etric Temporal Logic and faulty {T}uring machines},
	volume        = {3921},
	year          = {2006}
}


parsing error
parsing error
@inproceedings{LP05,
	author    = {Alexei Lisitsa and Igor Potapov},
	booktitle = time,
	pages     = {147-155},
	title     = {Temporal Logic with Predicate lambda-Abstraction},
	year      = {2005},
	doi       = {10.1.1.59.6646}
}


parsing error
parsing error
@article{mayr03,
	author    = {Mayr, Richard},
	title     = {Undecidable problems in unreliable computations},
	volume    = {297},
	number    = {1-3},
	year      = {2003},
	pages     = {337--354},
	doi       = {10.1016/S0304-3975(02)00646-1},
	publisher = elv
}


parsing error
parsing error
@article{dicksonslem,
	author  = {Leonard E. Dickson},
	title   = {Finiteness of the odd perfect and primitive abundant numbers with n distinct prime factors},
	volume  = {35},
	number  = {4},
	year    = {1913},
	pages   = {413--422},
	doi     = {10.2307/2370405}
}



parsing error
parsing error
@article{higmanslem,
	author  = {Graham Higman},
	title   = {Ordering by divisibility in abstract algebras},
	volume  = {2},
	number  = {7},
	year    = {1952},
	pages   = {326--336},
	doi     = {10.1112/plms/s3-2.1.326}
}


parsing error
parsing error

@phdthesis{Rein05,
	author = {Klaus Reinhardt},
	school = {University of  T{\"u}bingen},
	type   = {Habilitation thesis},
	title  = {Counting as Method, Model and Task in Theoretical Computer Science},
	url    = {http://www2-fs.informatik.uni-tuebingen.de/~reinhard/Habil.pdf},
	year   = {2005}
}


parsing error
parsing error
@article{S02,
	author    = {Schnoebelen, Philippe},
	number    = {5},
	pages     = {251-261},
	publisher = elv,
	title     = {Verifying Lossy Channel Systems has Nonprimitive Recursive Complexity},
	volume    = {83},
	year      = {2002},
	doi       = {10.1016/S0020-0190(01)00337-4}
}


parsing error
parsing error
@inproceedings{DLN05,
	author    = {Demri, St{\'e}phane and Lazi{\'c}, Ranko and Nowak, David},
	booktitle = time,
	pages     = {113-121},
	publisher = ieee,
	title     = {On the Freeze Quantifier in Constraint {LTL}: Decidability and Complexity},
	year      = 2005,
	doi       = {10.1016/j.ic.2006.08.003}
}


parsing error
parsing error

@article{AH94,
	author  = {Rajeev Alur and                Thomas A. Henzinger},
	number  = {1},
	pages   = {181-204},
	title   = {A Really Temporal Logic},
	volume  = {41},
	year    = {1994},
	doi     = {10.1145/174644.174651}
}


parsing error
parsing error
@book{MM67,
	author        = {Marvin L. Minsky},
	date-added    = {2009-01-13 16:58:02 +0100},
	date-modified = {2009-01-13 16:58:02 +0100},
	publisher     = {Prentice-Hall, Inc.},
	title         = {Computation: finite and infinite machines},
	year          = {1967}
}


BDMSS06:fo
Bdmss06:fo
@inproceedings{Bdmss06:fo,
	author    = {Miko{\l}aj Boja{\'n}czyk and Anca Muscholl and Thomas Schwentick and  Luc Segoufin and Claire David},
	booktitle = lics,
	pages     = {7-16},
	publisher = ieee,
	title     = {Two-Variable Logic on Words with Data},
	year      = {2006},
	doi       = {10.1109/LICS.2006.51}
}


parsing error
parsing error
@inproceedings{DL06,
	author    = {Demri, St{\'e}phane and
	             Lazi{\'c}, Ranko},
	booktitle = lics,
	pages     = {17-26},
	publisher = ieee,
	title     = {{LTL} with the freeze quantifier and register automata},
	year      = 2006,
	doi       = {10.1145/1507244.1507246}
}


parsing error
parsing error
@article{DL-tocl08,
	author    = {Demri, St{\'e}phane and Lazi{\'c}, Ranko},
	number    = {3},
	publisher = acm,
	title     = {{LTL} with the freeze quantifier and register automata},
	volume    = {10},
	year      = {2009},
	doi       = {10.1145/1507244.1507246}
}


parsing error
parsing error
@article{Rosen97,
	author    = {Eric Rosen},
	title     = {Modal Logic over Finite Structures},
	volume    = {6},
	number    = {4},
	year      = {1997},
	pages     = {427-439},
	ee        = {http://dx.doi.org/10.1023/A:1008275906015},
}


xpath:w3c
Xpath:w3C
@misc{Xpath:w3C,
	author       = {James Clark and Steve DeRose},
	howpublished = {Website},
	note         = {{W3C Recommendation}. \url{http://www.w3.org/TR/xpath}},
	title        = {{XML} path language ({XPath})},
	year         = {1999}
}


parsing error
parsing error
@misc{anr:reachard,
	key   = {Reachard},
	note  = {Programme Blanc ANR. Decision ``{ANR 11 BS02 001 01}''. Duration: september 2011 to september 2014. \url{http://www.lsv.ens-cachan.fr/Projects/anr-reachard}},
	title = {{ANR} \emph{{R}eac{H}ard}: Taming Hard Reachability Problems}
}


parsing error
parsing error
@misc{cnrs:lia,
	key   = {INFINIS},
	title = {Laboratoire International Associ\'e ({LIA}) \emph{INFINIS}},
	note  = {INFINIS is a French-Argentinean Laboratory (Laboratoire Internationale Associ\'e) between Centre National de la Recherche Scientifique (CNRS) and Universit\'e Paris Diderot on the one hand, and Consejo Nacional de Investigaciones Cient\'ificas y T\'ecnicas (CONICET) and the Universidad de Buenos Aires, on the other. It is devoted to research in Computer Science.  Specific focus is placed on  formal methods, for modeling, verification and development of complex software artifacts. \url{http://infinis.dc.uba.ar}}
}



parsing error
parsing error
@inproceedings{tCS08,
	sortstr   = {Cate Balder ten},
	author    = {Balder ten~Cate and Luc Segoufin},
	title     = {{XP}ath, transitive closure logic, and nested tree walking automata},
	booktitle = pods,
	year      = 2008,
	pages     = {251-260},
	publisher = acm,
	doi       = {10.1145/1376916.1376952}
}


parsing error
parsing error

@article{JL11,
	author  = {Marcin Jurdzi{\'n}ski and
	           Ranko Lazi{\'c}},
	title   = {Alternating automata on data trees and XPath satisfiability},
	volume  = {12},
	number  = {3},
	year    = {2011},
	pages   = {19},
	doi     = {10.1145/1929954.1929956}
}


parsing error
parsing error

@article{JL08,
	author  = {Marcin Jurdzi{\'n}ski and Ranko Lazi{\'c}},
	title   = {Alternating Automata on Data Trees and {XPath} Satisfiability},
	arxiv   = {0805.0330},
	year    = {2008}
}


parsing error
parsing error
@inproceedings{JL07,
	author    = {Marcin Jurdzi{\'n}ski and
	             Ranko Lazi{\'c}},
	title     = {Alternation-free modal mu-calculus for data trees},
	booktitle = lics,
	year      = 2007,
	pages     = {131-140},
	publisher = ieee,
	doi       = {10.1109/LICS.2007.11}
}


parsing error
parsing error

@article{Lad77,
	author  = {Richard E. Ladner},
	pages   = {467--480},
	title   = {The computational complexity of provability in systems of modal propositional logic},
	volume  = {6},
	number  = {3},
	year    = {1977}
}



parsing error
parsing error
@article{ABDEMMdR05,
	pages   = {115--135},
	title   = {{PDL} for ordered trees},
	volume  = {15},
	year    = {2005}
}


parsing error
parsing error
@inproceedings{M05,
	author    = {Maarten Marx},
	booktitle = icdt,
	pages     = {114-128},
	publisher = spr,
	title     = {First Order Paths in Ordered Trees},
	year      = 2005,
	doi       = {10.1.1.96.6923}
}


parsing error
parsing error
@inproceedings{GF05,
	author    = {Floris Geerts and Wenfei Fan},
	booktitle = dbpl,
	pages     = {122-137},
	publisher = spr,
	title     = {Satisfiability of {XPath} Queries with Sibling Axes},
	volume    = {3774},
	series    = lncs,
	year      = {2005},
	doi       = {10.1007/11601524_8}
}


parsing error
parsing error
@article{C86,
	author  = {Bogdan S. Chlebus},
	number  = {3},
	pages   = {374-392},
	title   = {Domino-Tiling Games},
	volume  = {32},
	year    = {1986}
}


parsing error
parsing error
@inproceedings{tC06,
	sortstr   = {Cate Balder ten},
	author    = {Balder ten~Cate},
	title     = {The expressivity of {XP}ath with transitive closure},
	booktitle = pods,
	year      = 2006,
	pages     = {328-337},
	publisher = acm,
	doi       = {10.1145/1142351.1142398}
}


parsing error
parsing error
@article{GKP05,
	author  = {Georg Gottlob and Christoph Koch and Reinhard Pichler},
	number  = {2},
	pages   = {444-491},
	title   = {Efficient algorithms for processing {XPath} queries},
	volume  = {30},
	year    = {2005},
	doi     = {10.1145/1071610.1071614}
}


parsing error
parsing error
@article{DemriJLL13,
	author    = {St{\'e}phane Demri and
	             Marcin Jurdzi{\'n}ski and
	             Oded Lachish and
	             Ranko Lazi{\'c}},
	title     = {The covering and boundedness problems for branching vector addition systems},
	volume    = {79},
	number    = {1},
	year      = {2013},
	pages     = {23-38},
	ee        = {http://dx.doi.org/10.1016/j.jcss.2012.04.002},
}


parsing error
parsing error
@article{VermaGoubaultLarrecq05,
	author    = {Kumar Neeraj Verma and
	             Jean Goubault-Larrecq},
	title     = {{K}arp-{M}iller Trees for a Branching Extension of {VASS}},
	volume    = {7},
	number    = {1},
	year      = {2005},
	pages     = {217-230},
	ee        = {http://www.dmtcs.org/volumes/abstracts/dm070113.abs.html},
}


parsing error
parsing error
@article{bowman:reasoning,
	author        = {Mic Bowman and Saumya K. Debray and Larry L. Peterson},
	date-added    = {2009-01-13 16:56:10 +0100},
	date-modified = {2009-01-13 16:56:10 +0100},
	number        = {5},
	pages         = {795-825},
	title         = {Reasoning About Naming Systems},
	volume        = {15},
	year          = {1993}
}


parsing error
parsing error
@inproceedings{clark:pct,
	author        = {Malcolm Clark},
	booktitle     = {TeX90 Conference Proceedings},
	date-added    = {2009-01-13 16:56:10 +0100},
	date-modified = {2009-01-13 16:56:10 +0100},
	organization  = {TeX Users Group},
	pages         = {84-89},
	title         = {Post Congress Tristesse},
	year          = {1991}
}


parsing error
parsing error
@article{herlihy:methodology,
	author        = {Maurice Herlihy},
	date-added    = {2009-01-13 16:56:10 +0100},
	date-modified = {2009-01-13 16:56:10 +0100},
	number        = {5},
	pages         = {745-770},
	title         = {A Methodology for Implementing Highly Concurrent  Data Objects},
	volume        = {15},
	year          = {1993}
}


parsing error
parsing error
@book{Lamport:LaTeX,
	author        = {Leslie Lamport},
	date-added    = {2009-01-13 16:56:10 +0100},
	date-modified = {2009-01-13 16:56:10 +0100},
	publisher     = {Addison-Wesley Publishing Company},
	title         = {LaTeX User's Guide and Document Reference Manual},
	year          = {1986}
}


parsing error
parsing error
@book{salas:calculus,
	author        = {S.L. Salas and Einar Hille},
	date-added    = {2009-01-13 16:56:10 +0100},
	date-modified = {2009-01-13 16:56:10 +0100},
	publisher     = {John Wiley and Sons},
	title         = {Calculus: One and Several Variable},
	year          = {1978}
}


parsing error
parsing error
@inproceedings{EW96,
	author        = {Etessami, Kousha and Wilke, Thomas},
	booktitle     = lics,
	date-modified = {2009-02-03 14:02:04 +0100},
	pages         = {108},
	publisher     = ieee,
	title         = {An {Until} Hierarchy for Temporal Logic},
	year          = {1996}
}


parsing error
parsing error
@article{FFSS10,
	author  = {Diego Figueira and
	           Santiago Figueira and
	           Sylvain Schmitz and
	           {\relax Ph}ilippe Schnoebelen },
	title   = {{A}ckermann and Primitive-Recursive Bounds with {D}ickson's Lemma},
	eprint  = {1007.2989},
	year    = 2010,
	ee      = {http://arxiv.org/abs/1007.2989}
}


parsing error
parsing error
@inproceedings{FiliotTT08,
	author    = {Emmanuel Filiot and
	             Jean-Marc Talbot and
	             Sophie Tison},
	title     = {Tree Automata with Global Constraints},
	booktitle = {Developments in Language Theory},
	year      = {2008},
	pages     = {314-326},
	editor    = {Masami Ito and
	             Masafumi Toyama},
	doi       = {10.1007/978-3-540-85780-8_25},
	publisher = {Springer},
	series    = {Lecture Notes in Computer Science},
	volume    = {5257}
}


parsing error
parsing error
@inproceedings{FiliotTT07,
	author    = {Emmanuel Filiot and
	             Jean-Marc Talbot and
	             Sophie Tison},
	title     = {Satisfiability of a Spatial Logic with Tree Variables},
	booktitle = {CSL},
	year      = {2007},
	pages     = {130-145},
	doi       = {10.1007/978-3-540-74915-8_13},
	publisher = {Springer},
	editor    = {Jacques Duparc and
	             Thomas A. Henzinger},
	volume    = {4646},
	series    = {Lecture Notes in Computer Science}
}


parsing error
parsing error
@inproceedings{BCGJV-lics10,
	author    = {Bargu{\~n}{\'o}, Luis and
	             Creus, Carles and
	             Godoy, Guillem and
	             Jacquemard, Florent and
	             Vacher, Camille},
	booktitle = lics,
	publisher = ieee,
	title     = {The Emptiness Problem for Tree Automata with Global Constraints},
	url       = {http://www.lsv.ens-cachan.fr/Publis/PAPERS/PDF/BCGJV-lics10.pdf},
	year      = {2010}
}


parsing error
parsing error

@inproceedings{BjorklundGMM09,
	author    = {Henrik Bj{\"o}rklund and
	             Wouter Gelade and
	             Marcel Marquardt and
	             Wim Martens},
	title     = {Incremental {XP}ath evaluation},
	booktitle = icdt,
	year      = {2009},
	pages     = {162-173}
}


parsing error
parsing error
@article{BalminPV04,
	author  = {Andrey Balmin and
	           Yannis Papakonstantinou and
	           Victor Vianu},
	title   = {Incremental validation of {XML} documents},
	volume  = {29},
	number  = {4},
	year    = {2004},
	pages   = {710-751}
}


parsing error
parsing error
@inproceedings{TT12,
	author    = {Tony Tan},
	booktitle = lics,
	publisher = ieee,
	title     = {An Automata Model for Trees with Ordered Data Values},
	pages     = {586--595},
	year      = {2012},
	doi       = {10.1109/LICS.2012.69}
}


parsing error
parsing error
@inproceedings{FCG-sigmod04,
	author    = {Wenfei Fan and
	             Chee Yong Chan and
	             Minos N. Garofalakis},
	title     = {Secure {XML} Querying with Security Views},
	year      = {2004},
	pages     = {587-598},
	ee        = {http://doi.acm.org/10.1145/1007568.1007634, http://www.sigmod.org/sigmod/sigmod04/eproceedings/pdf/R-637.pdf},
	booktitle = sigmod,
	publisher = acm
}


parsing error
parsing error
@article{MartensN07,
	author    = {Wim Martens and
	             Frank Neven},
	title     = {Frontiers of tractability for typechecking simple XML transformations},
	volume    = {73},
	number    = {3},
	year      = {2007},
	pages     = {362-390},
	ee        = {http://dx.doi.org/10.1016/j.jcss.2006.10.005},
}


parsing error
parsing error

@inproceedings{BFL12,
	author    = {Barcel{\'o}, Pablo and Figueira, Diego and Libkin, Leonid},
	booktitle = lics,
	publisher = ieee,
	title     = {Graph Logics with Rational Relations and the Generalized Intersection Problem},
	pages     = {115--124},
	year      = {2012},
	doi       = {10.1109/LICS.2012.23}
}


parsing error
parsing error

@inproceedings{Lugiez03,
	author    = {Lugiez, Denis},
	title     = {Counting and equality constraints for multitree automata},
	booktitle = {FOSSACS'03/ETAPS'03: Proceedings of the 6th International conference on Foundations of Software Science and Computation Structures and joint European conference on Theory and practice of software},
	year      = {2003},
	pages     = {328--342},
	publisher = {Springer-Verlag}
}


parsing error
parsing error
@inproceedings{BTison-stacs92,
	author    = {Bogaert, Bruno and
	             Tison, Sophie},
	title     = {Equality and Disequality Constraints on Direct Subterms in Tree Automata},
	booktitle = stacs,
	year      = {1992},
	pages     = {161--171},
	publisher = spr
}



parsing error
parsing error
@inproceedings{lutz-aiml4,
	author    = {Carsten Lutz},
	title     = {Description Logics with Concrete Domains---A Survey},
	booktitle = {Advances in Modal Logics Volume 4},
	publisher = {King's College Publications},
	year      = {2003}
}


parsing error
parsing error

@inproceedings{ACJT-lics96,
	author    = {Parosh Aziz Abdulla and
	             K{\=a}rlis {\v C}er{\=a}ns and
	             Bengt Jonsson and
	             Yih-Kuen Tsay},
	title     = {General Decidability Theorems for Infinite-State Systems},
	booktitle = lics,
	year      = {1996},
	pages     = {313-321}
}


parsing error
parsing error
@inproceedings{SchnKou97,
	author    = {Kouchnarenko, Olga and Schnoebelen, {\relax Ph}ilippe},
	booktitle = {{P}roceedings of the 1st {I}nternational {W}orkshop on {V}erification of {I}nfinite {S}tate {S}ystems ({INFINITY}'96)},
	doi       = {10.1016/S1571-0661(05)82512-5},
	pages     = {30},
	publisher = {Elsevier Science Publishers},
	series    = {Electronic Notes in Theoretical Computer Science},
	title     = {A Model for Recursive-Parallel Programs},
	volume    = {5},
	year      = {1997}
}


parsing error
parsing error
@article{ACJT-Infcomp00,
	author  = {Parosh Aziz Abdulla and
	           K{\=a}rlis {\v C}er{\=a}ns and
	           Bengt Jonsson and
	           Yih-Kuen Tsay},
	title   = {Algorithmic Analysis of Programs with Well Quasi-ordered
	           Domains},
	volume  = 160,
	number  = {1--2},
	year    = 2000,
	pages   = {109--127}
}


parsing error
parsing error
@article{F90,
	author    = {Finkel, Alain},
	number    = {2},
	pages     = {144-179},
	publisher = {Elsevier Science Publishers},
	title     = {Reduction and covering of infinite reachability trees},
	volume    = {89},
	year      = {1990}
}
@inproceedings{F-icalp87,
	author    = {Finkel, Alain},
	booktitle = {{P}roceedings of the 14th {I}nternational {C}olloquium on {A}utomata, {L}anguages and {P}rogramming ({ICALP}'87)},
	pages     = {499-508},
	publisher = {Springer-Verlag},
	series    = {Lecture Notes in Computer Science},
	title     = {A generalization of the procedure of {K}arp and {M}iller to well structured transition system},
	url       = {http://www.lsv.ens-cachan.fr/Publis/PAPERS/PDF/F-icalp87.pdf},
	volume    = {267},
	year      = {1987}
}


parsing error
parsing error
@inproceedings{CS-fsttcs07,
	author    = {Chambart, Pierre and Schnoebelen, {\relax Ph}ilippe},
	booktitle = fsttcs,
	doi       = {10.1007/978-3-540-77050-3_22},
	pages     = {265-276},
	publisher = spr,
	series    = {Lecture Notes in Computer Science},
	title     = {{P}ost Embedding Problem is not Primitive Recursive, with Applications to Channel Systems},
	volume    = {4855},
	year      = {2007}
}


parsing error
parsing error
@inproceedings{CS-lics08,
	author    = {Chambart, Pierre and Schnoebelen, {\relax Ph}ilippe},
	booktitle = lics # { (LICS'08)},
	doi       = {10.1109/LICS.2008.47},
	pages     = {205-216},
	publisher = ieee,
	title     = {The Ordinal Recursive Complexity of Lossy Channel Systems},
	year      = {2008}
}


parsing error
parsing error
@article{FS01,
	author    = {Finkel, Alain and Schnoebelen, {\relax Ph}ilippe},
	number    = {1-2},
	volume    = 256,
	pages     = {63-92},
	publisher = elv,
	title     = {Well-Structured Transition Systems Everywhere!},
	year      = 2001,
	doi       = {10.1016/S0304-3975(00)00102-X}
}


parsing error
parsing error
@article{fast,
	author  = {L\"ob, M.H. and Wainer, S.S.},
	title   = {Hierarchies of number theoretic functions, {I}},
	volume  = 13,
	pages   = {39--51},
	year    = 1970,
	doi     = {10.1007/BF01967649}
}


parsing error
parsing error
@inproceedings{phs-mfcs2010,
	author    = {Schnoebelen, {\relax Ph}ilippe},
	booktitle = mfcs,
	doi       = {10.1007/978-3-642-15155-2_54},
	pages     = {616-628},
	publisher = spr,
	series    = lncs,
	title     = {Revisiting {A}ckermann-Hardness for Lossy Counter Machines and Reset {P}etri Nets},
	volume    = {6281},
	year      = {2010}
}



parsing error
parsing error
@inproceedings{ADOW05,
	author    = {Parosh Aziz Abdulla and
	             Johann Deneux and
	             Jo{\"e}l Ouaknine and
	             James Worrell},
	title     = {Decidability and Complexity Results for Timed Automata via
	             Channel Machines},
	booktitle = {ICALP},
	year      = {2005},
	pages     = {1089-1101},
	doi       = {10.1007/11523468_88},
}


parsing error
parsing error
@inproceedings{Fig10,
	author    = {Figueira, Diego},
	booktitle = icdt,
	publisher = acm,
	title     = {Forward-{XP}ath and extended register automata on data-trees},
	year      = {2010},
	doi       = {10.1145/1804669.1804699}
}



parsing error
parsing error
@inproceedings{Arec99,
	author    = {Carlos Areces and 
	             Maarten Marx},
	title     = {A Road-map on Complexity for Hybrid Logics},
	booktitle = csl,
	year      = {1999},
	number    = {1683},
	series    = lncs,
	pages     = {307--321},
	publisher = spr
}


parsing error
parsing error
@article{Goranko96,
	author  = {Valentin Goranko},
	title   = {Hierarchies of Modal and Temporal Logics with Reference Pointers},
	volume  = {5},
	number  = {1},
	year    = {1996},
	pages   = {1--24},
	doi     = {10.1.1.36.4479}
}


parsing error
parsing error
@inproceedings{FranRS03,
	author    = {Massimo Franceschet and
	             Maarten de Rijke and
	             Bernd-Holger Schlingloff},
	title     = {Hybrid Logics on Linear Structures: Expressivity and Complexity},
	booktitle = time,
	year      = {2003},
	pages     = {166--173},
	publisher = ieee,
	doi       = {10.1.1.125.8491}
}


parsing error
parsing error
@book{FlumG06,
	author    = {J{\"{o}}rg Flum and
	             Martin Grohe},
	title     = {Parameterized Complexity Theory},
	series    = {Texts in Theoretical Computer Science. An {EATCS} Series},
	publisher = {Springer},
	year      = {2006},
	doi       = {10.1007/3-540-29953-X},
}


parsing error
parsing error
@inproceedings{Bojanczyk14,
	author    = {Miko{\l}aj Boja{\'{n}}czyk},
	title     = {Transducers with Origin Information},
	booktitle = icalp,
	pages     = {26--37},
	year      = {2014},
	doi       = {10.1007/978-3-662-43951-7_3},
	series    = lncs,
	volume    = {8573},
	publisher = spr
}


parsing error
parsing error

@book{TanselCGJSS93,
	editor    = {Abdullah Uz Tansel and
	             James Clifford and
	             Shashi K. Gadia and
	             Sushil Jajodia and
	             Arie Segev and
	             Richard T. Snodgrass},
	title     = {Temporal Databases: Theory, Design, and Implementation},
	publisher = {Benjamin/Cummings},
	year      = {1993},
}


parsing error
parsing error

@article{BunemanKTT04,
	author  = {Peter Buneman and
	           Sanjeev Khanna and
	           Keishi Tajima and
	           Wang Chiew Tan},
	title   = {Archiving scientific data},
	volume  = {29},
	pages   = {2--42},
	year    = {2004},
	doi     = {10.1145/974750.974752}
}





parsing error
parsing error
@article{AFFM10,
	author    = {Areces, Carlos and Figueira, Diego and Figueira, Santiago and Mera, Sergio},
	publisher = {Cambridge University Press},
	title     = {The Expressive Power of Memory Logics},
	doi       = {10.1017/S1755020310000389},
	volume    = {4},
	number    = {2},
	pages     = {290-318},
	year      = {2011}
}


parsing error
parsing error
@article{MiltersenSVT94,
	author  = {Peter Bro Miltersen and
	           Sairam Subramanian and
	           Jeffrey Scott Vitter and
	           Roberto Tamassia},
	title   = {Complexity Models for Incremental Computation},
	volume  = {130},
	number  = {1},
	pages   = {203--236},
	year    = {1994},
	doi     = {10.1016/0304-3975(94)90159-7}
}


parsing error
parsing error
@inproceedings{AFGM09,
	author    = {Areces, Carlos and Figueira, Diego and Gor{\'i}n, Daniel and Mera, Sergio},
	booktitle = {{P}roceedings of the 18th {I}nternational {W}orkshop on {T}heorem {P}roving with {A}nalytic {T}ableaux and {R}elated {M}ethods ({TABLEAUX}'09)},
	doi       = {10.1007/978-3-642-02716-1_5},
	pages     = {47-61},
	publisher = spr,
	series    = lncs,
	title     = {Tableaux and Model Checking for Memory Logics},
	volume    = {5607},
	year      = {2009}
}


parsing error
parsing error
@article{PatnaikI97,
	author  = {Sushant Patnaik and
	           Neil Immerman},
	title   = {{D}yn-{FO}: {A} Parallel, Dynamic Complexity Class},
	volume  = {55},
	number  = {2},
	pages   = {199--209},
	year    = {1997},
	doi     = {10.1006/jcss.1997.1520}
}


parsing error
parsing error
@inproceedings{AFFM-wollic08,
	author    = {Areces, Carlos and 
	             Figueira, Diego and 
	             Figueira, Santiago and 
	             Mera, Sergio},
	title     = {Expressive Power and Decidability for Memory Logics},
	booktitle = wollic,
	doi       = {10.1007/978-3-540-69937-8_7},
	pages     = {56--68},
	publisher = spr,
	series    = lncs,
	volume    = {5110},
	year      = {2008}
}


parsing error
parsing error
@article{LasotaW08,
	author  = {S{\l}awomir Lasota and
	           Igor Walukiewicz},
	title   = {Alternating timed automata},
	volume  = {9},
	number  = {2},
	year    = {2008},
	doi     = {10.1145/1342991.1342994}
}


parsing error
parsing error
@inproceedings{OuakW04,
	author    = {Jo{\"e}l Ouaknine and
	             James Worrell},
	title     = {On the Language Inclusion Problem for Timed Automata: Closing
	             a Decidability Gap},
	booktitle = lics,
	year      = {2004},
	pages     = {54--63},
	publisher = ieee,
	doi       = {10.1.1.66.2375}
}


parsing error
parsing error
@techreport{OttoNote,
	author      = {Martin Otto},
	title       = {Elementary Proof of the
	               van {B}enthem-{R}osen Characterisation Theorem},
	institution = {Fachbereich Mathematik,
	               Technische Universit\"at Darmstadt},
	number      = {2342},
	year        = {2004},
	note        = {Technical Report 2342}
}


otto2006bisimulation
Otto2006Bisimulation
@inproceedings{Otto2006Bisimulation,
	title     = {Bisimulation invariance and finite models},
	author    = {Otto, Martin},
	volume    = {27},
	series    = {Lecture Notes in Logic},
	pages     = {276-298},
	booktitle = {Logic Colloquium '02},
	year      = {2006}
}


parsing error
parsing error
@article{Otto04,
	author    = {Martin Otto},
	title     = {Modal and guarded characterisation theorems over finite
	             transition systems},
	volume    = {130},
	number    = {1-3},
	year      = {2004},
	pages     = {173-205},
	ee        = {http://dx.doi.org/10.1016/j.apal.2004.04.003},
}


parsing error
parsing error
@incollection{Goranko2007249,
	title     = {Model theory of modal logic },
	booktitle = {Handbook of Modal Logic},
	chapter   = {5},
	publisher = {Elsevier},
	year      = {2007},
	volume    = {3},
	pages     = {249-329},
	series    = {Studies in Logic and Practical Reasoning },
	doi       = {10.1016/S1570-2464(07)80008-5},
	author    = {Valentin Goranko and Martin Otto}
}


blackburn2001modal
Blackburn2001Modal
@book{Blackburn2001Modal,
	title     = {Modal Logic},
	volume    = {53},
	series    = {Cambridge Tracts in Theoretical Computer Science},
	year      = {2001},
	publisher = cambridge
}


parsing error
parsing error
@inproceedings{AS03,
	author    = {Anyanwu, K. and 
	             Sheth, A.P.},
	title     = {$\rho$-Queries:
	             enabling querying for semantic associations on the semantic web},
	booktitle = {12th International World Wide Web Conference (WWW)},
	year      = {2003},
	pages     = {690--699}
}


parsing error
parsing error

@article{pods10,
	author    = {Pablo Barcel{\'o} and
	             Leonid Libkin and
	             Anthony Widjaja Lin and
	             Peter T. Wood},
	title     = {Expressive Languages for Path Queries over Graph-Structured
	             Data},
	volume    = {37},
	number    = {4},
	year      = {2012},
	pages     = {31},
	ee        = {http://doi.acm.org/10.1145/2389241.2389250},
}




parsing error
parsing error
@article{motifs,
	author  = {Milo, R. and Shen-Orr, S. and Itzkovitz, S. and Kashtan, N. and 
	           Chklovskii, D. and 
	           Alon, U.},
	title   = {Network motifs: simple building blocks of complex networks},
	volume  = {298},
	number  = {5594},
	year    = {2002},
	pages   = {824--827}
}



parsing error
parsing error

 @inproceedings{AJNS04,
	author    = {Abdulla, J. and 
	             Jonnson, B. and
	             Nilsson, M. and 
	             Saksena, M.},
	title     = {A survey of regular model checking},
	booktitle = concur,
	year      = {2003},
	pages     = {35-48}
}


parsing error
parsing error

@inproceedings{JN00,
	author    = {Bengt Jonsson and Marcus Nilsson},
	title     = {Transitive Closures of Regular Relations for Verifying Infinite-State Systems},
	booktitle = tacas,
	year      = {2000},
	pages     = {220--234},
	publisher = {Springer-Verlag}
}


parsing error
parsing error
@inproceedings{BJNT00,
	author    = {Ahmed Bouajjani and Bengt Jonsson and Marcus Nilsson and Tayssir Touili},
	title     = {Regular Model Checking},
	booktitle = cav,
	year      = {2000},
	pages     = {403--418},
	publisher = {Springer-Verlag}
}



parsing error
parsing error

@inproceedings{Nev02,
	author    = {Frank Neven},
	title     = {{Automata, Logic, and XML}},
	booktitle = csl,
	year      = {2002},
	pages     = {2-26},
	ee        = {http://link.springer.de/link/service/series/0558/bibs/2471/24710002.htm}
}


parsing error
parsing error

@article{vardiwolper,
	author  = {Moshe Y. Vardi and Pierre Wolper},
	title   = {Reasoning About Infinite Computations},
	volume  = {115},
	number  = {1},
	year    = {1994},
	pages   = {1-37}
}



parsing error
parsing error

@book{mcmillan,
	author    = {K. L. McMillan},
	title     = {Symbolic Model Checking},
	year      = {1993},
	publisher = {Kluwer Academic Publishers}
}


parsing error
parsing error
@book{spin,
	author    = {Mordechai Ben-Ari},
	title     = {Principles of the {S}pin model checker},
	publisher = {Springer},
	year      = {2008},
	pages     = {I-XV, 1-216},
	ee        = {http://dx.doi.org/10.1007/978-1-84628-770-1},
}



parsing error
parsing error
@article{nested,
	author    = {Rajeev Alur and
	             P. Madhusudan},
	title     = {Adding nesting structure to words},
	volume    = {56},
	number    = {3},
	year      = {2009},
	ee        = {http://doi.acm.org/10.1145/1516512.1516518},
}


parsing error
parsing error
@article{lics07,
	author    = {Rajeev Alur and
	             Marcelo Arenas and
	             Pablo Barcel{\'o} and
	             Kousha Etessami and
	             Neil Immerman and
	             Leonid Libkin},
	title     = {First-Order and Temporal Logics for Nested Words},
	volume    = {4},
	number    = {4},
	year      = {2008},
	ee        = {http://dx.doi.org/10.2168/LMCS-4(4:11)2008},
}


parsing error
parsing error

@inproceedings{vpl,
	author    = {Rajeev Alur and
	             P. Madhusudan},
	title     = {Visibly pushdown languages},
	booktitle = stoc,
	year      = {2004},
	pages     = {202-211},
	ee        = {http://doi.acm.org/10.1145/1007352.1007390}
}


parsing error
parsing error

@inproceedings{alur-pods07,
	author    = {Rajeev Alur},
	title     = {Marrying words and trees},
	booktitle = pods,
	year      = {2007},
	pages     = {233-242},
	ee        = {http://doi.acm.org/10.1145/1265530.1265564}
}


parsing error
parsing error

@inproceedings{fossacs10,
	author    = {Anthony Widjaja To and
	             Leonid Libkin},
	title     = {Algorithmic Metatheorems for Decidable {LTL} Model Checking
	             over Infinite Systems},
	booktitle = fossacs,
	year      = {2010},
	pages     = {221-236},
	ee        = {http://dx.doi.org/10.1007/978-3-642-12032-9_16},
}


parsing error
parsing error

@book{HNbook,
	author    = {P. Hell and J. Ne\v{s}et\v{r}il},
	title     = {Graphs and Homomorphisms},
	year      = {2004},
	publisher = {Oxford University Press}
}


parsing error
parsing error
@inproceedings{FL14,
	author    = {Figueira, Diego and Libkin, Leonid},
	keywords  = {own},
	booktitle = stacs,
	publisher = leib,
	series    = lipics,
	title     = {Synchronizing Relations on Words},
	pages     = {93-104},
	volume    = {25},
	year      = {2014},
	doi       = {10.4230/LIPIcs.STACS.2014.518}
}


parsing error
parsing error
@article{parikh,
	author  = {Rohit Parikh},
	title   = {On Context-Free Languages},
	volume  = {13},
	number  = {4},
	year    = {1966},
	pages   = {570-581},
	doi     = {10.1145/321356.321364}
}


parsing error
parsing error

@inproceedings{icalp05,
	author    = {Leonid Libkin},
	title     = {Logics for Unranked Trees: An Overview},
	booktitle = icalp,
	year      = {2005},
	pages     = {35-50},
	ee        = {http://dx.doi.org/10.1007/11523468_4}
}


parsing error
parsing error

@article{thomas-jcss,
	author    = {Thomas Schwentick},
	title     = {Automata for {XML} - A survey},
	volume    = {73},
	number    = {3},
	year      = {2007},
	pages     = {289-315},
	ee        = {http://dx.doi.org/10.1016/j.jcss.2006.10.003},
}


parsing error
parsing error

@inproceedings{fagin-pods13,
	author    = {Ronald Fagin and Benny Kimelfeld and Frederick Reiss and Stijn Vansummeren},
	title     = {A Formal Framework for Information Extraction},
	booktitle = pods,
	year      = {2013, to appear.}
}






parsing error
parsing error
@inproceedings{Figueira09,
	author    = {Diego Figueira},
	title     = {Satisfiability of downward {XP}ath with data equality tests},
	booktitle = pods,
	pages     = {197--206},
	year      = {2009},
	doi       = {10.1145/1559795.1559827},
	publisher = acm
}


parsing error
parsing error
@inproceedings{BF11,
	author    = {Boja{\'n}czyk, Miko{\l}aj and Figueira, Diego},
	booktitle = pods,
	doi       = {10.1145/1989284.1989317},
	pages     = {259-270},
	publisher = acm,
	title     = {Efficient Evaluation for a Temporal Logic on Changing {XML} Documents},
	year      = {2011}
}


parsing error
parsing error
@inproceedings{Fig11,
	author    = {Figueira, Diego},
	booktitle = lics,
	publisher = ieee,
	title     = {A decidable two-way logic on data words},
	pages     = {365-374},
	year      = {2011},
	doi       = {10.1109/LICS.2011.18}
}


parsing error
parsing error
@inproceedings{BBFP12,
	author    = {B{\'a}r{\'a}ny, Vince and Boja{\'n}czyk, Miko{\l}aj and Figueira, Diego and Parys, Pawe{\l}},
	booktitle = fsttcs,
	publisher = leib,
	series    = lipics,
	title     = {Decidable classes of documents for {XP}ath},
	year      = 2012
}


Fig12b
Fig12B
@article{Fig12B,
	author  = {Figueira, Diego},
	title   = {Alternating Register Automata on Finite Data Words and Trees},
	volume  = {8},
	number  = {1},
	doi     = {10.2168/LMCS-8(1:22)2012},
	year    = {2012}
}


parsing error
parsing error
@inproceedings{BarceloFL12,
	author    = {Pablo Barcel{\'{o}} and
	             Diego Figueira and
	             Leonid Libkin},
	title     = {Graph Logics with Rational Relations and the Generalized Intersection Problem},
	booktitle = lics,
	pages     = {115--124},
	year      = {2012},
	doi       = {10.1109/LICS.2012.23},
	publisher = ieee
}


parsing error
parsing error

@inproceedings{Fig13,
	author    = {Figueira, Diego},
	booktitle = pods,
	pages     = {249-260},
	publisher = acm,
	title     = {On {XP}ath with transitive axes and data tests},
	year      = {2013},
	doi       = {10.1145/2463664.2463675}
}


parsing error
parsing error
@unpublished{figueira:hal-01832177,
	title       = {{On XPath with Reflexive-Transitive Axes and Data Tests}},
	author      = {Figueira, Diego},
	url         = {https://hal.archives-ouvertes.fr/hal-01832177},
	note        = {Unpublished manuscript},
	year        = {2018},
	month       = Jul,
	pdf         = {https://hal.archives-ouvertes.fr/hal-01832177/file/main.pdf},
	hal_id      = {hal-01832177},
	hal_version = {v1}
}


parsing error
parsing error
@inproceedings{DemriFP13,
	author    = {St{\'{e}}phane Demri and
	             Diego Figueira and
	             M. Praveen},
	title     = {Reasoning about Data Repetitions with Counter Systems},
	booktitle = lics,
	pages     = {33--42},
	year      = {2013},
	doi       = {10.1109/LICS.2013.8},
	publisher = ieee
}


parsing error
parsing error
@inproceedings{FFA14,
	author    = {Figueira, Diego and Figueira, Santiago and Areces, Carlos},
	booktitle = icdt,
	publisher = acm,
	title     = {Basic model theory of {XP}ath on data trees},
	year      = {2014},
	pages     = {50-60},
	doi       = {10.5441/002/icdt.2014.09}
}


parsing error
parsing error
@inproceedings{FigueiraL14,
	author    = {Diego Figueira and
	             Leonid Libkin},
	title     = {Synchronizing Relations on Words},
	booktitle = stacs,
	pages     = {518--529},
	year      = {2014},
	doi       = {10.4230/LIPIcs.STACS.2014.518},
	series    = lipics,
	volume    = {25},
	publisher = lzi
}


FL14b
Fl14B
@inproceedings{Fl14B,
	author    = {Diego Figueira and
	             Leonid Libkin},
	keywords  = {own},
	title     = {Pattern logics and auxiliary relations},
	booktitle = lics,
	publisher = acm,
	pages     = {40:1--40:10},
	year      = {2014},
	doi       = {10.1145/2603088.2603136}
}


parsing error
parsing error
@article{FFA15,
	author   = {Figueira, Diego and Figueira, Santiago and Areces, Carlos},
	keywords = {own},
	title    = {Model Theory of {XP}ath on Data Trees. {P}art {I}: Bisimulation and Characterization},
	pages    = {271--314},
	volume   = {53},
	doi      = {10.1613/jair.4658},
	year     = {2015}
}


parsing error
parsing error
@inproceedings{FL15,
	author    = {Diego Figueira and Leonid Libkin},
	keywords  = {own},
	booktitle = lics,
	publisher = ieee,
	title     = {Path Logics for Querying Graphs: Combining Expressiveness and Efficiency},
	pages     = {329--340},
	year      = {2015},
	doi       = {10.1109/LICS.2015.39}
}


FL15b
Fl15B
@article{Fl15B,
	author   = {Figueira, Diego and Libkin, Leonid},
	keywords = {own},
	title    = {Synchronizing Relations on Words},
	volume   = {57},
	number   = {2},
	pages    = {287--318},
	doi      = {10.1007/s00224-014-9584-2},
	year     = {2015}
}


parsing error
parsing error
@article{DFP16,
	author  = {St{\'{e}}phane Demri and
	           Diego Figueira and
	           M. Praveen},
	title   = {Reasoning about Data Repetitions with Counter Systems},
	volume  = {12},
	number  = {3},
	year    = {2016},
	doi     = {10.2168/LMCS-12(3:1)2016}
}


parsing error
parsing error
@inproceedings{ABFF16,
	author    = {Sergio Abriola and Pablo Barcel{\'{o}} and Diego Figueira and Santiago Figueira},
	keywords  = {own},
	booktitle = kr,
	publisher = aaai,
	title     = {Bisimulations on Data Graphs},
	pages     = {309--318},
	year      = {2016},
	url       = {http://www.aaai.org/ocs/index.php/KR/KR16/paper/view/12876}
}


parsing error
parsing error

@inproceedings{ArapinisFG16,
	author    = {Myrto Arapinis and
	             Diego Figueira and
	             Marco Gaboardi},
	title     = {Sensitivity of Counting Queries},
	booktitle = icalp,
	pages     = {120:1--120:13},
	year      = {2016},
	doi       = {10.4230/LIPIcs.ICALP.2016.120},
	series    = lipics,
	volume    = {55},
	publisher = lzi
}


parsing error
parsing error
@inproceedings{Figueira16,
	author    = {Diego Figueira},
	title     = {Semantically Acyclic Conjunctive Queries under Functional Dependencies},
	booktitle = lics,
	pages     = {847--856},
	doi       = {10.1145/2933575.2933580},
	publisher = acm,
	year      = {2016}
}


parsing error
parsing error
@article{FigueiraHL16,
	author  = {Diego Figueira and
	           Piotr Hofman and
	           S{\l}awomir Lasota},
	title   = {Relating timed and register automata},
	volume  = {26},
	number  = {6},
	pages   = {993--1021},
	year    = {2016},
	doi     = {10.1017/S0960129514000322}
}


parsing error
parsing error
@article{FS17,
	author  = {Diego Figueira and
	           Luc Segoufin},
	title   = {Bottom-up automata on data trees and vertical {XP}ath},
	volume  = {13},
	number  = {4},
	year    = {2017},
	doi     = {10.23638/LMCS-13(4:5)2017}
}


parsing error
parsing error
@inproceedings{AbriolaFF17,
	author    = {Sergio Abriola and
	             Diego Figueira and
	             Santiago Figueira},
	title     = {Logics of Repeating Values on Data Trees and Branching Counter Systems},
	booktitle = fossacs,
	pages     = {196--212},
	year      = {2017},
	doi       = {10.1007/978-3-662-54458-7_12},
	series    = lncs,
	volume    = {10203},
	publisher = spr
}


parsing error
parsing error
@inproceedings{FigueiraLLMS17,
	author    = {Diego Figueira and
	             Ranko Lazi{\'{c}} and
	             J{\'{e}}r{\^{o}}me Leroux and
	             Filip Mazowiecki and
	             Gr{\'{e}}goire Sutre},
	title     = {Polynomial-Space Completeness of Reachability for Succinct Branching
	             {VASS} in Dimension One},
	booktitle = icalp,
	pages     = {119:1--119:14},
	year      = {2017},
	doi       = {10.4230/LIPIcs.ICALP.2017.119},
	series    = lipics,
	volume    = {80},
	publisher = lzi
}


parsing error
parsing error
@article{AbriolaBFF18,
	author  = {Sergio Abriola and
	           Pablo Barcel{\'{o}} and
	           Diego Figueira and
	           Santiago Figueira},
	title   = {Bisimulations on Data Graphs},
	volume  = {61},
	pages   = {171--213},
	year    = {2018},
	doi     = {10.1613/jair.5637}
}


parsing error
parsing error
@article{Figueira18,
	author  = {Diego Figueira},
	title   = {Satisfiability of {XP}ath on data trees},
	volume  = {5},
	number  = {2},
	pages   = {4--16},
	year    = {2018},
	url     = {https://dl.acm.org/citation.cfm?id=3212021}
}


parsing error
parsing error
@inproceedings{FigueiraP18,
	author    = {Diego Figueira and
	             M. Praveen},
	title     = {Playing with Repetitions in Data Words Using Energy Games},
	booktitle = lics,
	pages     = {404--413},
	year      = {2018},
	doi       = {10.1145/3209108.3209154},
	publisher = acm
}


parsing error
parsing error
@inproceedings{DescotteFP18,
	author    = {Mar{\'i}a Emilia Descotte and
	             Diego Figueira and
	             Gabriele Puppis},
	title     = {Resynchronizing Classes of Word Relations},
	booktitle = icalp,
	pages     = {123:1--123:13},
	year      = {2018},
	doi       = {10.4230/LIPIcs.ICALP.2018.123},
	series    = lipics,
	volume    = {107},
	publisher = lzi
}


parsing error
parsing error
@inproceedings{DescotteFF19,
	author    = {Mar{\'i}a Emilia Descotte and
	             Diego Figueira and
	             Santiago Figueira},
	title     = {Closure Properties of Synchronized Relations},
	booktitle = stacs,
	pages     = {22:1--22:17},
	year      = {2019},
	doi       = {10.4230/LIPIcs.STACS.2019.22},
	series    = lipics,
	volume    = {126},
	publisher = lzi
}


parsing error
parsing error
@inproceedings{BarceloF019,
	author    = {Pablo Barcel{\'{o}} and
	             Diego Figueira and
	             Miguel Romero},
	title     = {Boundedness of Conjunctive Regular Path Queries},
	booktitle = icalp,
	pages     = {104:1--104:15},
	year      = {2019},
	doi       = {10.4230/LIPIcs.ICALP.2019.104},
	series    = lipics,
	volume    = {132},
	publisher = lzi
}


parsing error
parsing error
@inproceedings{FigueiraRW19,
	author    = {Diego Figueira and
	             Varun Ramanathan and
	             Pascal Weil},
	title     = {The Quantifier Alternation Hierarchy of Synchronous Relations},
	booktitle = mfcs,
	pages     = {29:1--29:14},
	year      = {2019},
	doi       = {10.4230/LIPIcs.MFCS.2019.29},
	series    = lipics,
	volume    = {138},
	publisher = lzi
}


parsing error
parsing error
@inproceedings{FigueiraFP20,
	author    = {Diego Figueira and Santiago Figueira and Edwin Pin Baque},
	title     = {Finite Controllability for Ontology-Mediated Query Answering of {CRPQ}},
	booktitle = kr,
	pages     = {},
	year      = {2020},
	doi       = {},
	volume    = {},
}
@misc{FigueiraEtal2020Containmentu,
	author = {Diego Figueira and Adwait Godbole and S. Krishna and Wim Martens and Matthias Niewerth and Tina Trautner},
	title  = {Containment of Simple Conjunctive Regular Path Queries},
	note   = {Under submission},
	pages  = {},
	year   = {2020},
	doi    = {},
	volume = {}
}


parsing error
parsing error


parsing error
parsing error
@inproceedings{CzerwinskiFH20,
	author    = {Wojciech Czerwi{\'n}ski and Diego Figueira and Piotr Hofman},
	title     = {Universality Problem for Unambiguous {VASS}},
	booktitle = concur,
	url       = {https://hal.archives-ouvertes.fr/hal-02483495},
	year      = {2020}
}


parsing error
parsing error

@article{DBLP:journals/jcss/KolaitisV95,
	author    = {Phokion G. Kolaitis and
	             Moshe Y. Vardi},
	title     = {On the Expressive Power of Datalog: Tools and a Case Study},
	volume    = {51},
	number    = {1},
	pages     = {110--134},
	year      = {1995},
	doi       = {10.1006/jcss.1995.1055},
}


parsing error
parsing error
@inproceedings{DBLP:conf/www/BonifatiMT19,
	author    = {Angela Bonifati and
	             Wim Martens and
	             Thomas Timm},
	editor    = {Ling Liu and
	             Ryen W. White and
	             Amin Mantrach and
	             Fabrizio Silvestri and
	             Julian J. McAuley and
	             Ricardo Baeza{-}Yates and
	             Leila Zia},
	title     = {Navigating the Maze of Wikidata Query Logs},
	booktitle = www,
	pages     = {127--138},
	publisher = acm,
	year      = {2019},
	doi       = {10.1145/3308558.3313472}
}


parsing error
parsing error
@article{DBLP:journals/vldb/BonifatiMT20,
	author  = {Angela Bonifati and
	           Wim Martens and
	           Thomas Timm},
	title   = {An analytical study of large {SPARQL} query logs},
	volume  = {29},
	number  = {2-3},
	pages   = {655--679},
	year    = {2020},
	doi     = {10.1007/s00778-019-00558-9}
}


parsing error
parsing error

@inproceedings{DBLP:conf/www/BielefeldtGK18,
	author    = {Adrian Bielefeldt and
	             Julius Gonsior and
	             Markus Kr{\"{o}}tzsch},
	title     = {Practical Linked Data Access via {SPARQL:} The Case of Wikidata},
	booktitle = {Workshop on Linked Data on the Web},
	series    = {{CEUR} Workshop Proceedings},
	volume    = {2073},
	publisher = {CEUR-WS.org},
	year      = {2018},
	url       = {http://ceur-ws.org/Vol-2073/article-03.pdf}
}


parsing error
parsing error
@inproceedings{DBLP:conf/pods/Baeza13,
	author    = {Pablo Barcel{\'{o}} Baeza},
	title     = {Querying graph databases},
	booktitle = pods,
	pages     = {175--188},
	publisher = acm,
	year      = {2013},
	doi       = {10.1145/2463664.2465216}
}


parsing error
parsing error

@inproceedings{Figueira16,
	author    = {Diego Figueira},
	title     = {Semantically Acyclic Conjunctive Queries under Functional Dependencies},
	booktitle = lics,

	pages     = {847--856},
	publisher = acm,
	year      = {2016},
	doi       = {10.1145/2933575.2933580}
}


parsing error
parsing error
@article{BFGPjacm20,
	author  = {Pablo Barcel{\'{o}} and
	           Diego Figueira and
	           Georg Gottlob and
	           Andreas Pieris},
	title   = {Semantic Optimization of Conjunctive Queries},
	volume  = {67},
	number  = {6},
	pages   = {34:1--34:60},
	year    = {2020},
	doi     = {10.1145/3424908}
}


parsing error
parsing error
@inproceedings{DBLP:conf/pods/BarceloGP16,
	author    = {Pablo Barcel{\'{o}} and
	             Georg Gottlob and
	             Andreas Pieris},
	title     = {Semantic Acyclicity Under Constraints},
	booktitle = pods,
	pages     = {343--354},
	publisher = acm,
	year      = {2016},
	doi       = {10.1145/2902251.2902302}
}


parsing error
parsing error



parsing error
parsing error

@article{DBLP:journals/jacm/BarceloFGP20,
	author    = {Pablo Barcel{\'{o}} and
	             Diego Figueira and
	             Georg Gottlob and
	             Andreas Pieris},
	title     = {Semantic Optimization of Conjunctive Queries},
	volume    = {67},
	number    = {6},
	pages     = {34:1--34:60},
	year      = {2020},
	doi       = {10.1145/3424908},
}






BrakensiekGuruswami2021PCSP
BrakensiekGuruswami2021PCSP



parsing error
parsing error

